3178 5122
797 441 816 504 7

255 626 440 690 vocabulo
462 626 501 689 iu
523 627 606 708 ipso
629 625 709 690 fine
730 625 882 690 ordinis
903 615 1077 690 metrioi“
1093 624 1126 706 ¹).
1158 625 1275 690 Tamen
1291 626 1348 690 La·

253 734 313 798 tini
335 733 504 798 hexametri
525 734 671 798 naturam
696 734 727 798 et
748 732 884 798 indolem
907 751 1016 814 parum
1038 733 1086 797 his
1101 733 1221 799 absolvi
1241 732 1349 816 fugere

255 861 315 907 non
338 841 469 907 debehat
491 842 545 923 qui
568 842 633 906 eius
655 841 732 905 artis
754 842 928 923 spectarent
950 841 999 905 vel
1020 841 1218 906 incunabula.

352 949 464 1031 ltaque
476 949 620 1013 Ennius
634 967 708 1014 -a
729 967 789 1031 quo
812 949 901 1031 quasi
923 967 942 1014 a
963 948 1146 1013 Prometheo
1168 947 1215 1012 ert
1236 946 1348 1030 incipi-

255 1058 369 1122 endum
390 1058 421 1121 et
441 1056 595 1122 formante
626 1057 730 1121 lutum
752 1056 783 1121 et
804 1056 964 1122 animante
987 1056 1129 1120 --inter
1156 1055 1349 1120 hexametros

255 1163 427 1227 Annalium
449 1162 510 1226 523
526 1180 641 1226 -non
662 1159 732 1244 plus
747 1161 829 1226 enim
851 1161 999 1226 tredecim
1013 1161 1147 1244 turpiter
1161 1161 1350 1227 titubantem

256 1270 451 1352 produnt-
469 1271 531 1334 467
553 1269 688 1335 incidere
709 1270 810 1335 voluit
826 1269 897 1353 post
918 1269 1001 1334 arsin
1025 1270 1150 1335 tertiam
1173 1270 1218 1334 sic

354 1376 569 1458 Respondit
589 1377 691 1442 June
711 1377 715 1454 Ι
735 1375 924 1442 Saturnia
946 1376 1080 1440 sancta
1096 1375 1248 1442 dearum
1262 1377 1351 1458 (ist),

258 1487 294 1550 ll
317 1467 514 1566 uersus‘post
535 1484 702 1550 secundam
724 1485 818 1549 simul
840 1485 925 1548 arsin
944 1485 976 1550 et
996 1485 1142 1567 quartam
1163 1485 1209 1550 sic

355 1593 629 1676 Expectanslsi
651 1591 1350 1675 mussarettquaedeniquepausatll)‚

255 1704 296 1767 29
317 1701 426 1767 itidem
453 1701 515 1766 nisi
536 1701 619 1782 quod
640 1700 783 1765 assedere
811 1700 912 1765 uoluit
933 1699 1165 1765 distinctionem
1188 1700 1352 1764 verborum

255 1811 324 1892 post
345 1810 474 1875 tertium
496 1809 677 1873 trochaeum
699 1809 744 1872 sic

325 1914 1109 2000 Ingeniumlcumuullelmalumlsententia
1124 1914 1351 1995 suadet(III);

255 2043 354 2106 neque
368 2025 468 2107 igitur
482 2024 552 2105 post
568 2024 698 2087 tertium
719 2023 899 2088 trochaeum
919 2023 1099 2088 incisionem
1116 2021 1242 2088 Graecis
1256 2040 1351 2104 quam

256 2132 373 2198 sciehat
394 2131 607 2214 gratissimam
629 2150 683 2213 per
703 2131 773 2212 plus
794 2131 833 2194 21
857 2149 962 2194 versus
981 2148 1112 2212 regnare
1135 2129 1220 2195 sivit.

354 2240 445 2305 Hanc
466 2238 566 2322 igitur
586 2237 750 2302 dicendum
780 2238 826 2302 est
850 2238 889 2302 ab
913 2256 947 2302 eo
979 2235 1109 2302 heroicis
1131 2237 1265 2302 caesums
1287 2237 1351 2302 rim

256 2365 320 2412 esse
340 2349 493 2414 tributam
516 2347 610 2430 idque
642 2346 779 2412 officium
812 2348 849 2411 ut
882 2345 1051 2411 incitarent
1082 2346 1238 2410 certamen
1269 2344 1351 2410 inter

255 2457 420 2522 metricum
435 2457 599 2521 accentum
613 2455 707 2537 atque
721 2454 973 2538 grammaticum.
1003 2453 1048 2518 Er
1062 2471 1122 2536 qno
1135 2453 1217 2520 onim
1233 2453 1352 2535 primus

256 2565 306 2630 hic
330 2581 434 2628 versus
460 2563 562 2636 iactus
585 2564 646 2628 est:
676 2563 811 2628 Musae
841 2581 941 2645 quae
973 2562 1137 2644 pedihus
1169 2579 1350 2644 magnum

256 2673 425 2754 pulsatis
441 2671 642 2754 olimpum,
663 2671 741 2736 duos
759 2671 913 2752 imprimis
930 2671 983 2753 qui
1007 2670 1246 2752 semiquinariae
1264 2669 1351 2734 ante-

257 2781 369 2847 cedunt
388 2780 554 2862 semipedes
575 2780 648 2843 huic
671 2779 834 2844 certamini
855 2778 968 2842 tribuit
990 2778 1089 2844 omnis
1111 2777 1276 2843 Latinitas.
1308 2778 1353 2841 At

257 2906 336 2969 quae
351 2888 498 2952 obfuisset
513 2887 678 2952 certamini
699 2887 857 2951 trochaica
879 2885 989 2950 incisio
1010 2885 1037 2949 si
1058 2885 1166 2949 tamen
1187 2885 1351 2967 irrepebat,

256 2995 483 3060 intolerabilem
506 3013 574 3060 eam
595 2994 682 3058 duxit
699 2994 818 3059 Ennius
839 2993 900 3058 uisi
921 3012 974 3075 per
995 2993 1150 3075 duplicem
1171 2993 1351 3057 incisionem

256 3104 327 3186 post
349 3103 516 3186 septimum
537 3101 630 3167 simul
650 3102 680 3166 et
703 3101 831 3166 tertium
853 3101 1038 3183 semipedem
1059 3120 1174 3166 novum
1190 3100 1353 3165 certamini

256 3214 288 3276 et
309 3212 464 3294 duplicem
496 3229 641 3292 campum
672 3211 874 3293 recuperaret.
916 3209 998 3290 Quid
1020 3211 1066 3274 est
1097 3209 1197 3292 igitur
1219 3227 1274 3273 cur
1295 3207 1353 3273 Le·

159 3377 162 3384 .
256 3321 339 3386 tinos
360 3338 431 3384 cum
444 3318 569 3385 Graecis
592 3336 803 3401 comparemus
825 3318 852 3382 si
872 3318 931 3382 hoc
953 3336 1069 3382 nouum
1090 3317 1138 3381 illi
1154 3334 1352 3382 caesurarum

241 3440 368 3494 'munus
391 3446 515 3509 prorsus
547 3427 737 3511 ignorabant
759 3427 870 3510 quippe
892 3444 1025 3509 quorum
1058 3425 1168 3508 lingua
1190 3443 1252 3489 non
1274 3425 1353 3489 esset

256 3537 430 3620 berytona?
472 3538 577 3619 Atque
589 3535 733 3601 Lehrsius
746 3538 773 3617 ³)
796 3535 916 3600 nullam
935 3533 1060 3600 omnino
1075 3551 1235 3599 caesuram
1249 3532 1352 3597 valere

258 3643 417 3709 contendit
438 3644 498 3709 nisi
530 3645 563 3709 in
587 3645 662 3727 pede
687 3643 781 3708 tertio
803 3644 852 3709 vel
882 3644 915 3708 in
936 3641 1037 3708 medio
1067 3640 1262 3717 hexametro;
1294 3640 1354 3704 hoc

365 3837 390 3905 l)
407 3835 495 3890 Elem.
508 3835 654 3891 doctrinae
663 3837 797 3892 metricae
808 3853 856 3905 pg.
869 3837 914 3905 323
936 3835 971 3890 cl.
984 3833 1105 3888 eiusdem
1118 3831 1253 3901 epitomes
1263 3831 1353 3888 doctr.
1380 3851 1382 3856 ·

257 3932 340 3983 metr.
359 3925 383 3998 ξ.
404 3930 447 3981 58.

357 4025 385 4091 2)
404 4023 554 4079 Brevitatis
574 4041 657 4078 eausa
670 4024 805 4094 appositis
823 4024 867 4078 his
886 4040 1064 4078 numerorum
1083 4023 1162 4093 siglis
1182 4023 1238 4078 111
1257 4021 1296 4076 lll
1316 4023 1353 4078 IV

259 4119 338 4174 vvl
367 4138 418 4190 per
447 4119 648 4190 procedentem
675 4119 891 4188 disputationem
916 4117 1043 4190 singulae
1070 4118 1225 4174 hexametri
1242 4118 1349 4172 formae

256 4216 464 4272 indicabuntur.

361 4315 388 4384 3)
406 4313 447 4369 De
463 4313 622 4369 Aristarchi
641 4312 743 4368 studiis
763 4311 937 4368 Homericia²
956 4331 1002 4385 pg.
1023 4315 1075 4369 394
1093 4331 1152 4386 sqq.
