3178 5122
758 452 796 520 17

230 641 374 708 ambitu
396 640 553 706 metrico
577 657 648 720 quo
680 639 989 720 praeparantur.
1042 639 1157 706 Eadem
1188 637 1327 722 imagine
1420 669 1429 678 ·

230 749 268 814 ad
289 749 448 830 stropham
472 747 678 830 elegiacorum
699 745 856 828 adplicata
878 765 932 828 pro
955 747 1039 828 epicc
1055 766 1144 813 versu
1164 750 1324 814 aeternum

229 857 337 942 fluenti
359 875 441 938 aqua
461 855 598 918 cernitur
619 853 754 936 undique
775 854 947 937 intercepta
968 855 1044 937 ripis
1065 856 1177 939 quippe
1198 875 1269 922 oum
1291 857 1325 921 in

229 963 290 1028 fine
311 963 424 1028 iterum
447 981 566 1044 semper
587 962 675 1044 quasi
697 963 807 1045 surgat
829 963 929 1028 oratio
949 963 1112 1047 frangente
1135 982 1270 1030 caesura.

330 1071 390 1136 Sed
411 1071 518 1135 inania
541 1071 666 1152 captare
686 1069 800 1160 videor.
845 1069 962 1134 Tamen
984 1071 1023 1136 ad
1052 1089 1117 1136 rem
1147 1073 1326 1139 historicam

232 1198 349 1262 nequeo
370 1178 532 1260 procedere
553 1179 645 1242 antea
667 1197 762 1260 quam
785 1178 818 1242 in
840 1179 1112 1244 obseruatione
1132 1180 1210 1246 alia
1230 1182 1327 1246 simus

233 1287 357 1352 morati.
397 1287 501 1368 Atque
522 1287 558 1349 ut
580 1287 619 1350 ab
641 1287 777 1368 exemplo
799 1287 951 1369 singulari
973 1287 1212 1368 proficiscamur,
1236 1291 1328 1354 scri-

233 1398 323 1478 ptcr
346 1395 492 1461 Culicis
518 1396 684 1477 postquam
705 1413 738 1460 se
761 1393 913 1478 Gigantas
936 1395 1084 1477 Lapithas
1107 1396 1226 1461 Xerxen
1252 1416 1326 1462 can-

232 1506 338 1568 torum
361 1523 425 1568 esse
446 1503 574 1586 negavit
596 1522 736 1584 quaeque
756 1503 864 1584 magni
887 1503 949 1568 oris
971 1505 1080 1582 essent,
1111 1505 1144 1568 in
1166 1524 1196 1570 u.
1219 1506 1259 1569 35
1281 1507 1327 1571 ita

232 1613 315 1694 apud
336 1611 511 1693 Hauptium
534 1611 649 1692 pergit:
876 1681 879 1698 1

332 1719 441 1782 Molli
462 1717 515 1782 sed
537 1717 640 1781 tenuis
662 1717 866 1782 decurrens
890 1718 1026 1784 carmine
1048 1737 1153 1784 vorsus

332 1827 459 1892 Viribus
482 1827 556 1906 apta
578 1825 641 1900 suis
663 1827 786 1892 Phoebo
809 1826 886 1892 duce
908 1826 1014 1892 ludere
1036 1827 1162 1910 gaudet.

233 1937 345 2017 Itaque
367 1934 457 2015 poeta
479 1953 498 1998 a
518 1933 609 1997 rebus
629 1934 806 2015 ponderosis
828 1935 868 1998 ad
889 1934 988 2000 1111111
1009 1935 1220 2017 gracilemque
1241 1935 1329 1999 tran-

234 2045 316 2108 siens
337 2060 459 2107 versum
485 2041 634 2106 formavit
655 2061 716 2124 quo
743 2043 821 2107 1111111
843 2043 976 2126 cogitari
1009 2044 1111 2125 potest
1132 2042 1330 2124 ponderosius

236 2151 430 2232 tristiusquei
474 2149 556 2230 Quid
580 2154 676 2216 vero?
712 2151 745 2214 in
769 2151 925 2216 codicibus
947 2151 1024 2240 meri
1045 2151 1193 2233 leguntur
1214 2149 1332 2233 dactyli

235 2257 454 2322 iucundissime
475 2257 605 2323 1111111111
626 2259 659 2322 hi

334 2365 471 2431 Mollia
503 2367 556 2430 sed
577 2367 663 2431 tenui
692 2368 788 2449 pede
811 2386 974 2432 currere
995 2367 1133 2432 carmina
1155 2384 1246 2429 versu
1269 2384 1330 2448 eqs.

235 2475 322 2539 Haec
342 2474 413 2538 11111
434 2475 503 2540 nolo
526 2493 578 2556 per
592 2475 801 2540 coniecturam
814 2476 956 2558 quamvis
979 2475 1132 2557 sagacem.
1176 2473 1330 2538 Sedenim

236 2583 394 2664 Hauptius
417 2601 487 2646 cum
509 2583 667 2648 verissime
687 2602 816 2648 uersus
837 2602 892 2665 pro
912 2583 1050 2648 ablativo
1072 2583 1211 2646 restituit
1234 2582 1329 2665 (quod

236 2710 310 2756 voce
331 2690 473 2772 gaudet
486 2691 634 2772 probatur
647 2692 812 2772 subestque
824 2691 955 2755 fortasse
970 2689 1098 2754 lectioni
1117 2692 1330 2772 excerptorum

237 2798 520 2880 Gronovianorum)
542 2819 603 2862 non
624 2800 700 2863 satis
721 2818 845 2880 possum
866 2799 974 2863 mirari
996 2799 1078 2880 quod
1101 2799 1263 2864 Heinsium
1283 2818 1331 2862 se·

239 2908 328 2970 cutus
361 2907 454 2988 pede
480 2907 651 2971 ablativum
685 2909 814 2990 tangere
844 2927 936 2972 ausus
969 2908 1015 2972 est
1037 2927 1090 2990 per
1112 2927 1144 2971 se
1166 2908 1330 2988 optimum.

238 3013 346 3095 Neque
369 3015 450 3077 enirn
472 3015 595 3078 tanturn
608 3014 692 3079 valet
713 3015 885 3080 similitudo
901 3035 1006 3080 versus
1021 3015 1171 3099 Calpurni
1183 3016 1237 3094 IV,
1263 3016 1331 3078 152.

239 3122 347 3187 Oratio
371 3123 475 3186 autem
497 3121 593 3186 fluens
615 3123 641 3186 si
664 3141 784 3187 currere
806 3123 975 3202 dicebatur,
999 3142 1053 3187 cur
1075 3143 1138 3187 non
1162 3123 1253 3187 licuit
1265 3141 1333 3186 car-

239 3231 338 3303 mini?
381 3230 474 3294 Modo
497 3230 654 3296 Martialis
685 3249 806 3296 versum
838 3232 976 3296 conferas
1002 3231 1058 3310 XI,
1081 3233 1132 3314 90,
1166 3232 1193 3294 1.
1236 3229 1333 3294 Porro

239 3339 384 3418 quoniam
419 3339 556 3404 tenuitas
588 3339 689 3404 maius
720 3341 815 3405 etiam
847 3340 879 3402 in
912 3340 1003 3420 poeta
1031 3359 1125 3421 quarn
1157 3339 1190 3402 in
1213 3338 1334 3402 oratore

240 3447 438 3530 opprobrium
461 3448 515 3525 111,
549 3448 652 3511 tenuis
673 3466 779 3512 vorsus
801 3447 863 3511 dici
898 3466 959 3511 non
993 3447 1130 3529 potcrat;
1164 3443 1333 3510 cavendum

239 3557 330 3633 1111111,
366 3575 403 3618 ne
425 3555 462 3620 de
492 3555 620 3619 metrico
643 3553 718 3636 pede
743 3555 915 3636 cogitemus
945 3555 971 3617 si
994 3572 1147 3618 currere
1176 3551 1335 3616 bucolicus

240 3681 345 3730 uersus
367 3663 482 3726 dicitur
503 3662 609 3726 tenui
630 3661 719 3743 pede
736 3662 767 3725 et
788 3661 900 3744 gracili
911 3662 944 3743 ¹).
979 3663 1090 3743 Itaque
1112 3659 1233 3741 praetor
1256 3677 1336 3723 ver·

240 3790 301 3835 sus
331 3770 409 3833 nihil
431 3769 574 3850 equidem
605 3769 790 3834 mutandum
812 3770 858 3833 est
887 3769 981 3850 atque
1009 3768 1054 3832 sic
1087 3765 1336 3848 interpretandus

240 3878 340 3943 locus:
373 3897 478 3942 versus
500 3878 616 3960 gaudet
638 3877 714 3942 duce
735 3877 859 3942 Phoebo
890 3876 995 3939 ludere
1018 3875 1155 3939 carmina
1178 3876 1251 3956 apta
1273 3874 1337 3937 suis

241 3987 358 4051 viribus
372 3987 509 4068 satisque
518 3985 626 4050 mollia
637 3986 671 4049 in
683 3985 794 4067 quibus
807 3985 912 4048 currat
927 3983 1013 4048 tenui
1026 3983 1150 4066 pede²);
1165 3983 1336 4066 pendetque

243 4137 437 4147 -—..——.

343 4230 369 4297 l)
387 4229 490 4282 Dahis
511 4226 658 4282 adiectivis
677 4226 711 4280 cl.
730 4242 828 4280 versus
848 4228 861 4278 1
882 4228 911 4279 11
929 4227 955 4278 2.

342 4328 371 4395 2)
388 4325 460 4380 Nom
477 4325 560 4380 etiam
579 4322 699 4398 mollia
717 4321 867 4376 carmina
886 4337 973 4389 aeque
990 4337 1023 4376 ac
1041 4335 1161 4374 versus
1179 4317 1261 4372 huius
1278 4333 1338 4370 sen·

654 4418 656 4422 ’
1123 4414 1139 4467 2
