3178 5122
307 675 407 745 Musei
430 675 572 746 Rhenani
595 679 680 743 tomo
703 677 742 742 17
774 676 821 742 ita
844 675 992 741 constitui
1012 674 1118 741 video:
1154 672 1263 742 alter
1296 690 1402 742 amor

308 790 387 854 tibi
409 789 487 854 erit
510 786 727 870 captandus
750 786 943 852 etaltera
965 785 1077 852 Dido.
1110 785 1235 867 Optime
1257 805 1289 851 se
1310 787 1404 856 babet
1511 813 1515 820 ·

311 916 390 980 quae
414 896 563 962 facillime
595 914 630 960 ex
662 893 787 960 traditis
819 894 918 958 literis
938 895 1089 960 extricata
1119 896 1195 960 olim
1217 895 1263 958 est
1295 896 1403 962 lectio:

309 1007 419 1072 alter
440 1023 548 1070 amor
578 1004 657 1069 tibi
689 1004 820 1068 restat
852 1003 1053 1068 habendus
1076 1005 1114 1068 et
1144 1005 1273 1070 altera
1295 1004 1402 1083 Dido,

309 1113 400 1180 modo
422 1113 551 1178 senseris
572 1111 850 1194 interrogationem
872 1111 953 1176 hanc
974 1130 1048 1188 esse,
1072 1131 1133 1176 non
1148 1111 1403 1188 affirmationem

310 1241 409 1306 neque
428 1220 620 1286 habendus
642 1238 732 1284 sensu
749 1219 843 1297 caret,
868 1219 959 1284 modo
974 1237 1065 1284 usum
1080 1220 1255 1285 memineris
1270 1220 1404 1286 latinum

309 1349 370 1414 quo
391 1330 504 1394 habere
517 1329 664 1394 feminam
680 1328 796 1392 dicitur
818 1328 883 1392 eius
898 1327 952 1410 qui
974 1327 1076 1393 utitur
1091 1347 1195 1394 amore
1211 1327 1295 1410 (vide
1308 1330 1405 1394 inter-

309 1439 410 1524 pretes
433 1437 473 1502 ad
496 1437 620 1502 Terenti
642 1436 740 1502 Andr.
764 1437 790 1516 Ι,
826 1437 853 1514 1,
874 1436 944 1517 58);
977 1436 1084 1518 itaqua
1115 1437 1310 1521 indignantis
1337 1437 1405 1502 erat

309 1546 489 1612 descendere
511 1544 551 1610 ad
573 1563 607 1609 ea
631 1563 710 1626 quac
731 1544 875 1609 adiacent
897 1543 1028 1626 volgari.
1070 1542 1223 1624 Quoniam
1245 1563 1318 1609 vero
1339 1563 1406 1608 mo·

308 1654 512 1720 iustissimum
543 1653 590 1718 est
618 1652 842 1735 amphibracby
862 1652 991 1716 verbum
1022 1652 1218 1717 habendus
1240 1671 1347 1718 vereor
1369 1673 1407 1718 ue

310 1763 405 1828 etiam
427 1763 477 1826 hic
492 1759 744 1826 Guelferbitanus
765 1761 843 1826 liber
866 1759 1039 1842 sequendus
1062 1761 1104 1824 sit
1124 1761 1171 1826 ita
1185 1761 1406 1826 scribentibus:

311 1871 420 1938 Alter
442 1888 547 1936 amor
566 1869 644 1934 tibi
665 1869 812 1934 restat?
844 1869 1021 1934 habenda
1044 1869 1100 1934 est
1131 1869 1261 1935 altera
1283 1869 1404 1934 Dido?

312 1978 507 2060 Quamque
528 1977 669 2042 iterum
689 1976 806 2042 fallas
824 1976 952 2042 altera
974 1977 1099 2042 danda
1123 1977 1245 2042 sides?

411 2087 501 2152 Addo
524 2085 725 2150 Manilium
747 2085 965 2150 Petronium
993 2086 1194 2150 Homerum
1226 2086 1406 2151 Latinum

313 2193 558 2277 Calpurnium
580 2194 766 2260 abstinuisse
795 2214 814 2259 a
836 2195 921 2260 sexta
942 2195 1110 2275 structura,
1145 2195 1221 2285 item
1243 2196 1407 2276 scriptores

314 2303 419 2368 (liris
441 2304 473 2368 et
496 2301 647 2367 Culicis
669 2304 702 2367 et
723 2303 870 2381 Moretl
904 2301 1080 2368 Gratium
1103 2301 1188 2384 (vide
1209 2304 1295 2383 240),
1318 2303 1408 2366 Pcr-

313 2411 419 2490 sium,
456 2411 652 2476 Valerium
674 2411 849 2476 Flaccum
873 2410 957 2492 (vide
978 2411 1037 2489 ΙΙΙ,
1076 2412 1157 2492 191),
1192 2410 1334 2476 Silium
1356 2431 1409 2493 per

314 2519 435 2602 aliquot
457 2538 533 2603 quos
556 2519 731 2584 examinavi
752 2519 857 2602 libros,
891 2519 1163 2598 Nemesianum
1193 2520 1410 2586 Ausonium

313 2627 347 2690 in
366 2629 512 2705 Mosella;
542 2629 638 2710 atque
669 2629 763 2693 etiam
786 2628 819 2692 in
841 2627 962 2693 Aetna
984 2627 1139 2692 carminis
1152 2648 1182 2693 v.
1208 2629 1248 2693 53
1269 2629 1410 2711 Hauptio

313 2736 376 2800 iere
397 2737 652 2819 adstipulaudum
674 2737 741 2802 erit.
777 2737 945 2802 Peccatum
965 2738 1011 2804 est
1032 2737 1314 2820 singulisversibus
1328 2736 1411 2819 apud

316 2845 494 2910 Dirarum
516 2846 754 2927 scriptorem,
776 2845 1033 2926 Columellam,
1056 2846 1287 2926 Martialem,
1310 2845 1409 2928 apud-

251 2967 254 2974 '
315 2972 374 3036 que
397 2952 661 3050 Germanicum
681 2954 715 3018 in
737 2953 973 3022 Phaenomeuon
996 2956 1184 3022 Aratcorum
1204 2973 1233 3020 v.
1257 2956 1329 3035 262,
1358 2953 1413 3020 ubi

315 3062 527 3143 expectabam:
562 3062 715 3128 Electra
738 3063 968 3147 Meropeque
1001 3064 1245 3146 Celaenoque
1270 3063 1414 3143 Alcyo-

316 3189 429 3252 neque;
451 3171 504 3235 sod
528 3171 609 3235 enim
632 3171 942 3238 animadvertendum
962 3175 1009 3238 est
1029 3174 1064 3235 in
1081 3191 1194 3254 genere
1215 3169 1411 3252 potissimum

316 3280 345 3344 V
367 3279 398 3342 et
420 3279 465 3342 VI
487 3279 560 3343 novi
581 3279 701 3360 aliquid
727 3279 759 3343 st
780 3279 910 3344 violenti
930 3279 1044 3344 inferre
1062 3278 1215 3341 amavisse
1248 3275 1413 3338 nonnullos

316 3388 422 3468 poetas
445 3387 478 3451 in
501 3386 659 3470 dipodiam
681 3385 816 3465 finalem,
842 3387 950 3469 quales
978 3386 1051 3451 sunt
1074 3403 1180 3449 versus
1202 3383 1322 3466 Vergili
1344 3384 1410 3448 llcl.

318 3497 347 3574 a,
371 3496 419 3559 24.
445 3497 493 3574 10,
518 3475 566 3560 12ss
597 3494 708 3578 aeorg.
730 3495 756 3574 1,
777 3496 849 3560 437.
872 3494 904 3560 u
927 3493 1143 3559 carneas.
1167 3493 1211 3557 ru
1234 3494 1307 3558 loa.
1334 3493 1411 3557 Aen.

318 3605 367 3668 ΙΙΙ
394 3606 431 3668 12
454 3605 509 3688 (=
532 3605 718 3687 11111679).
749 3605 795 3670 IV
817 3606 887 3669 316.
921 3604 967 3668 IX
991 3603 1060 3667 574.
1084 3603 1153 3667 767.
1174 3603 1205 3666 X
1226 3603 1302 3677 7493
1335 3600 1414 3666 Ger-

318 3712 433 3777 manici
455 3711 518 3778 fare
533 3733 637 3779 omnes
659 3716 709 3778 23.
732 3715 803 3778 262.
826 3713 897 3790 312.
919 3713 991 3776 442.
1013 3711 1095 3788 508;
1116 3711 1155 3774 cf.
1170 3709 1262 3776 Ovidi
1278 3711 1353 3774 Met.
1368 3709 1415 3773 IV

320 3822 390 3886 535.
412 3821 472 3886 XV
493 3822 564 3887 450.
1243 3873 1248 3884 .

419 3930 591 4012 Apparet
609 3931 649 3994 in
672 3929 896 4012 graecanico
918 3929 1133 3995 hexametro
1149 3929 1235 4012 post
1255 3927 1415 3992 tertium

319 4037 536 4102 trochaeum
570 4037 756 4119 dirempto
780 4039 963 4104 Romanos
997 4058 1040 4103 ne
1076 4037 1337 4104 desiderarent
1358 4037 1413 4101 la-

320 4145 430 4210 tinae
447 4145 591 4210 indolis
613 4163 809 4211 caesuram
832 4147 940 4229 quasi
955 4145 1143 4211 fulturam
1159 4144 1416 4211 substruxissc

320 4255 390 4319 aut
411 4254 726 4322 semiternariam
756 4257 822 4322 aut
850 4255 1213 4338 semiseptenariam,
1252 4255 1419 4335 errantque

322 4363 375 4451 qui
398 4365 520 4432 schema
532 4365 614 4452 quod
626 4367 774 4453 quartum
789 4366 983 4452 signavimus
999 4365 1108 4450 quinto
1124 4365 1224 4449 magis
1240 4363 1428 4450 legitimum¹
