3178 5122
812 433 851 500 12

286 611 467 698 depicturis;
490 617 626 684 ceterum
642 619 731 699 ineo,
754 620 781 686 si
795 621 870 704 quid
882 622 1018 702 omnino,
1039 621 1224 705 semipedem
1236 623 1381 690 octavum

287 743 384 806 aequo
415 726 481 791 iure
505 729 710 810 acquestum
735 730 874 814 culpabis
897 732 936 796 ab
958 733 1156 798 antecedente
1185 751 1244 798 non
1268 733 1382 798 direm-

287 833 385 913 ptum.
431 834 479 900 Ne
500 855 571 902 uero
594 839 731 920 exempla
760 840 948 906 abscondam
971 841 1135 906 omittendi
1155 843 1228 906 sunt
1258 842 1383 908 infimae

287 941 379 1006 notae
400 946 508 1024 poetae
530 947 705 1013 Lucilius
729 947 864 1016 Cicero
897 951 993 1033 (apud
1015 930 1101 1015 huno¹
1127 950 1261 1032 septiens
1282 951 1382 1017 forma

291 1047 356 1128 VI),
379 1071 477 1135 neque
499 1055 679 1139 diligentior
700 1058 906 1124 Lucretius
929 1059 1092 1142 (quilibet
1113 1059 1146 1124 in
1168 1060 1277 1142 quinto
1302 1062 1383 1128 libro

288 1167 398 1242 quater
418 1166 544 1231 tantum
566 1167 706 1233 exhibeat
728 1169 748 1233 f.
772 1169 826 1248 Vl,
851 1171 884 1234 at
904 1169 968 1234 iV
989 1171 1105 1235 viciens
1129 1171 1254 1249 octiens,
1277 1171 1383 1236 tamen

288 1274 364 1340 alibi
387 1276 474 1356 peius
498 1275 578 1357 egit:
600 1275 633 1340 in
654 1276 734 1342 libre
756 1277 802 1341 VI
823 1277 924 1343 forma
946 1279 1030 1343 sexta
1052 1278 1226 1364 undeciens,
1248 1279 1281 1344 in
1303 1280 1383 1344 libro

288 1384 303 1448 I
326 1371 457 1465 septiens
481 1419 519 1428 -
542 1403 640 1466 neque
661 1385 694 1448 in
716 1386 775 1450 hac
796 1386 862 1450 sola
885 1405 916 1450 re
935 1386 1112 1452 Lucretium
1136 1388 1176 1452 ab
1187 1387 1286 1452 Ennio
1301 1389 1384 1453 vinci

287 1491 416 1573 posthac
436 1491 513 1556 satis
535 1493 750 1573 comparebit).
793 1494 900 1558 Bonus
921 1494 972 1558 hio
993 1495 1084 1558 Acci
1107 1493 1296 1561 hexameter:
1320 1497 1384 1562 Oa·

289 1602 395 1667 lones
420 1603 635 1684 famulique
656 1603 893 1686 metallique
918 1604 1158 1687 caculaequo.
1193 1603 1383 1669 Catullus

290 1710 336 1774 bis
368 1711 469 1804 legem
493 1711 644 1794 migravit
658 1713 698 1789 ¹);
730 1713 859 1794 quintae
881 1715 984 1778 autem
1018 1713 1135 1778 formae
1167 1713 1384 1796 adscripserim

290 1837 412 1884 versum
438 1820 497 1884 109
520 1819 666 1884 carminis
681 1820 721 1884 64
743 1820 797 1902 qui
817 1820 850 1884 in
861 1820 1030 1886 Veronensi
1053 1821 1099 1887 ita
1120 1823 1237 1886 exstat:
1261 1798 1335 1887 Pro
1340 1841 1384 1887 ua

291 1926 398 1991 cadit
428 1927 583 2009 latoque
607 1927 793 1992 turnicius
820 1929 933 1993 obvia
955 1928 1151 2012 frangens.
1194 1929 1277 1994 Male
1309 1930 1385 1994 haec

290 2035 457 2100 secuudum
476 2035 710 2102 Lachmaunum
732 2036 795 2120 legi
814 2036 914 2102 solent
935 2037 1102 2114 adornata3
1124 2037 1232 2120 pinus
1255 2037 1336 2101 enim
1358 2037 1385 2100 si

290 2140 406 2206 dicitur
428 2161 544 2222 prona
566 2144 700 2210 cadere
721 2145 801 2210 late
823 2146 937 2226 quast
958 2145 1124 2227 impetus
1147 2146 1259 2210 obvia
1281 2145 1385 2210 fran-

290 2268 392 2332 gens,
413 2251 544 2316 nimium
564 2251 598 2315 in
619 2251 667 2316 his
692 2252 853 2322 artificiosi
874 2253 986 2334 uisque
1009 2253 1092 2335 quod
1114 2253 1211 2334 possit
1231 2252 1385 2334 intellegi;

291 2377 364 2439 que
386 2360 491 2424 autem
514 2361 661 2442 quoniam
679 2361 817 2426 traditur
825 2362 873 2458 ,ut
888 2360 1205 2442 copuletfrangens
1221 2361 1252 2425 et
1268 2379 1384 2442 prona

292 2467 424 2548 postulo.
459 2467 546 2532 Haec
568 2467 631 2532 fero
652 2454 740 2533 erant
763 2467 894 2534 batoni:
927 2467 1005 2532 Illa
1026 2468 1161 2550 procul
1184 2468 1385 2533 radicitus

292 2574 500 2641 exturbata
522 2575 643 2641 Prona
666 2575 769 2642 cadit
791 2575 947 2659 lateque
968 2577 1122 2642 rainois
1144 2576 1264 2642 obvia
1288 2576 1386 2640 fran-

292 2701 379 2765 gens
392 2684 427 2764 ²).
464 2683 583 2749 Ruinas
604 2684 687 2749 enim
709 2683 841 2749 attribui
863 2683 986 2749 cadenti
1009 2685 1062 2767 qui
1083 2684 1204 2750 noverit
1226 2683 1385 2766 poetarum

394 2868 420 2938 1)
439 2867 471 2920 In
491 2886 534 2923 vv.
553 2870 595 2936 64,
626 2870 686 2923 218.
706 2871 768 2924 232.
787 2861 848 2924 395.
868 2869 911 2932 68,
931 2869 966 2924 89
994 2869 1124 2923 nimirum
1152 2867 1256 2938 duplex
1273 2884 1388 2922 caesura

292 2963 437 3017 statuenda
455 2967 506 3018 est.
1393 2981 1399 2990 ·

393 3061 420 3126 2)
441 3059 578 3113 Turbavit
596 3059 743 3114 librarium
757 3060 949 3130 diphthongus
968 3062 998 3115 ei
1009 3061 1083 3129 quod
1103 3061 1176 3114 idem
1195 3058 1298 3114 accidit
1318 3077 1342 3112 c.
1353 3059 1387 3110 66

293 3171 319 3208 v.
339 3156 381 3208 59.
428 3153 482 3208 Hic
508 3153 581 3208 enim
610 3155 690 3209 unice
719 3173 813 3209 veram
833 3156 939 3224 Haupti
967 3155 1156 3210 coniecturam
1174 3152 1308 3206 Arduei
1336 3169 1388 3220 pro

294 3249 460 3304 Hidiiuen
478 3249 605 3304 codicum
624 3250 763 3318 plerisque
782 3249 956 3318 displicuisse
975 3249 1064 3303 doleo.
1102 3249 1183 3301 Certe
1199 3247 1333 3301 Hemone
1350 3246 1389 3300 fa·

294 3345 400 3400 cillimo
420 3343 652 3400 exAmaiusoula
670 3345 795 3399 nascitur
814 3345 902 3400 hastis
916 3344 1036 3412 obliquis
1053 3345 1082 3397 in
1096 3344 1188 3412 capite
1207 3359 1304 3412 parum
1322 3359 1387 3396 con·

294 3441 357 3496 fixis
363 3456 372 3509 ;
402 3443 442 3496 sic
469 3459 559 3511 nuper
585 3442 614 3496 in
633 3441 763 3495 Lactanti
784 3443 831 3510 qui
859 3440 950 3496 fertur
969 3439 1003 3494 de
1026 3457 1076 3495 sve
1095 3439 1232 3494 Phoenice
1257 3438 1389 3494 carminis

294 3555 319 3592 v.
342 3538 392 3592 133
414 3537 581 3591 Ritschelius
600 3537 743 3606 ingeniose
762 3554 796 3590 ex
813 3537 937 3590 Harum
957 3535 1052 3590 elicuit
1064 3534 1211 3604 Alarum,
1228 3535 1277 3588 ubi
1295 3535 1325 3589 in
1338 3533 1390 3589 hae

292 3629 413 3687 lectione
432 3630 592 3700 acquiesco:
611 3632 750 3685 Alarum
767 3639 897 3700 pennas
914 3629 1055 3698 insigne
1075 3631 1126 3682 est
1145 3627 1297 3696 desuper
1315 3625 1390 3696 Iris,

296 3727 379 3782 modo
398 3731 462 3796 post
481 3727 548 3782 Iris
576 3727 794 3797 interpungetur
814 3725 858 3796 (de
876 3725 950 3779 Iride
969 3723 1005 3779 ol.
1024 3741 1047 3779 e.
1067 3741 1094 3794 g.
1113 3724 1218 3778 Auson.
1237 3723 1306 3777 Mos.
1328 3725 1388 3776 111.

302 3821 624 3894 Claudian.Epigr.10);
643 3823 717 3878 idem
736 3823 865 3876 mendum
879 3821 907 3874 in
917 3839 943 3875 v.
954 3821 988 3874 28
1007 3819 1131 3876 eiusdem
1149 3817 1289 3886 carminis,
1308 3836 1390 3887 quem

297 3919 345 3987 qui
359 3935 452 3987 ¹nuper
475 3917 609 3972 tractavit
627 3915 758 3970 Goetzius
782 3916 932 3984 ignorabat
952 3913 1071 3984 exprimi
1098 3911 1276 3967 tritissimum
1299 3911 1390 3966 locum

298 4014 407 4083 Vergili
433 4013 476 4082 (A.
495 4013 533 4068 Vl
552 4014 605 4088 214
632 4011 704 4080 sqq.)
733 4011 884 4080 repetitum
914 4009 970 4064 iam
994 4007 1096 4063 aSilio
1122 4009 1209 4078 (XIII,
1238 4009 1289 4062 579
1312 4007 1389 4076 sqq).

298 4111 463 4180 Comparate
485 4113 577 4162 autem
595 4107 720 4177 Vergilio
741 4107 880 4160 evincitur
899 4107 950 4160 suh
969 4108 1080 4160 metus
1103 4121 1158 4158 non
1178 4121 1259 4172 posse
1278 4103 1391 4157 subesse

297 4224 413 4276 nomen;
433 4205 506 4261 enim
525 4221 591 4260 vero
609 4205 738 4274 quoniam
757 4207 786 4258 et
804 4203 833 4257 in
851 4201 1031 4272 praecedenti
1049 4200 1169 4256 disticho
1187 4202 1216 4255 et
1240 4200 1268 4252 in
1294 4199 1391 4254 subse-

300 4303 397 4375 quenti
420 4302 536 4358 verbum
555 4299 646 4368 (adit,
674 4301 781 4370 abest)
805 4303 905 4368 exstat,
932 4299 972 4354 ita
990 4298 1096 4354 scribo:
1120 4297 1188 4352 Nec
1206 4279 1326 4352 scelus
1345 4295 1391 4348 in·
