3178 5122
742 451 783 514 43

314 631 402 696 Cum
424 631 533 713 positis
558 649 657 696 novus
678 632 795 696 exuviis
817 631 997 714 nitidusque
1018 633 1145 697 iuventa

312 739 458 804 Volvitur
478 739 534 804 aut
556 740 676 804 catulos
697 739 790 804 tectis
812 739 868 804 aut
889 759 948 806 ova
969 740 1155 822 relinquens.

311 848 427 912 Versus
455 848 559 912 autem
597 848 698 912 1-12
731 849 771 913 ab
801 867 836 912 eo
870 847 925 930 qui
957 849 1139 930 decepturus
1172 849 1310 913 homines

212 975 267 1038 pro
289 953 470 1037 Vergiliano
503 956 621 1036 primns
653 973 762 1037 poema
790 956 999 1020 venditaverit
1031 957 1214 1038 praemissos
1246 975 1311 1022 esse
1351 1025 1354 1032 ,

107 1075 109 1082 “
212 1064 314 1128 certus
336 1081 404 1126 sum
428 1080 526 1144 neque
548 1062 680 1127 fortasse
701 1064 740 1128 ab
761 1065 828 1145 ipso
850 1062 965 1128 Culicis
986 1064 1120 1128 auctore.

311 1170 416 1236 Etiam
437 1169 475 1234 de
498 1169 736 1253 Catalepton
758 1171 994 1253 Vergiliano
1014 1171 1069 1235 XI
1102 1189 1201 1252 pauca
1222 1172 1312 1236 iuvat

213 1281 380 1364 disputare.
423 1278 465 1342 Et
497 1278 635 1360 primnm
655 1277 780 1360 quidem
814 1280 896 1343 recte
924 1279 983 1343 hoc
1012 1278 1073 1360 ipsi
1087 1264 1233 1362 'Vergilio
1256 1279 1312 1344 ab·

212 1387 320 1471 negari
341 1387 437 1451 etiarn
459 1386 580 1450 numeri
595 1387 768 1461 testantur3
791 1387 926 1450 occurrit
944 1387 1026 1451 enim
1049 1387 1080 1452 et
1094 1386 1179 1467 PQD
1201 1387 1235 1450 in
1250 1387 1311 1466 5¹(ss

215 1513 337 1580 quoquc
360 1513 450 1559 versu
476 1493 524 1575 (at
544 1493 577 1557 in
598 1494 718 1576 reliquo
730 1493 915 1576 Catalepton
935 1495 1102 1576 nusquam)
1127 1495 1158 1559 et
1180 1493 1257 1575 qu
1278 1495 1312 1558 in

215 1605 326 1686 quarto
349 1621 470 1686 quoque
499 1602 547 1683 (at
568 1602 602 1666 in
623 1602 750 1684 reliquis
771 1603 854 1667 inter
877 1603 958 1682 10¹)ss
981 1602 1075 1666 semel
1096 1602 1311 1682 hexametros).

214 1713 261 1778 De
280 1714 380 1794 primo
404 1709 607 1792 pedehaeret
638 1709 788 1774 iudicium
812 1711 885 1792 quia
906 1729 1029 1775 versum
1051 1709 1091 1774 61
1115 1711 1216 1793 magis
1239 1729 1312 1776 con·

214 1819 340 1884 fidimus
369 1839 463 1901 prave
486 1819 665 1901 corruptum
700 1837 765 1884 esse
795 1839 888 1901 quam
912 1819 1004 1885 facile
1036 1837 1125 1901 posse
1145 1819 1312 1884 emendari.

215 1929 265 1992 Ita
286 1928 424 1992 traditur
455 1928 489 1992 in
521 1927 602 1993 libro
624 1928 835 1993 Bruxellensi:
871 1928 912 1994 Si
945 1929 1099 1994 laudem
1121 1928 1310 2010 aspirare,

216 2036 379 2100 humilis
411 2036 441 2101 si
474 2035 582 2102 adire
614 2035 773 2102 cirenas.
822 2037 928 2119 Atque
958 2037 992 2100 in
1022 2037 1081 2101 hac
1108 2035 1240 2100 lectione
1261 2053 1312 2100 ac-

214 2144 369 2226 quiescere
390 2163 422 2208 se
453 2162 540 2226 posse
570 2145 616 2208 ait
637 2143 796 2226 Hauptius
806 2145 829 2223 ¹)
864 2145 925 2208 nisi
948 2145 1030 2227 quod
1063 2163 1118 2227 pro
1146 2143 1311 2207 cirenas

214 2252 359 2333 corrupto
382 2270 559 2317 camenas
592 2251 716 2334 accipit.
758 2251 820 2317 Sed
851 2252 960 2316 multis
992 2252 1134 2335 equidem
1164 2250 1311 2315 offendor.

213 2359 354 2422 Primum
376 2378 530 2441 nusquam
551 2378 601 2424 me
632 2361 734 2442 legere
766 2360 894 2424 memini
926 2360 1095 2425 humiles
1117 2359 1223 2424 Musas
1256 2377 1312 2440 ap-

196 2466 345 2548 pellatas
367 2467 461 2549 atque
493 2486 531 2531 ne
553 2486 640 2550 posse
667 2468 791 2550 quidem
814 2468 947 2533 discerni
970 2468 1059 2533 credo
1091 2468 1173 2532 lnter
1208 2467 1310 2548 plures

212 2574 344 2639 humiles
365 2575 471 2639 Musas
493 2576 657 2658 pluresque
686 2575 853 2650 sublimes3
883 2577 995 2640 vellem
1019 2577 1123 2657 potius
1147 2591 1312 2640 corones

213 2681 392 2746 coniecisset
422 2683 536 2765 aliquis
560 2701 693 2765 quocum
722 2683 913 2748 conferretur
945 2703 1025 2765 eg.
1052 2683 1176 2747 Lucreti
1198 2683 1254 2760 IV,
1280 2682 1310 2746 4.

213 2787 343 2854 Accedit
366 2790 448 2872 quod
470 2791 556 2854 adire
577 2792 604 2854 si
635 2809 688 2872 per
710 2791 901 2872 anaphoram
923 2791 1058 2872 ponitur,
1094 2790 1200 2856 eodem
1223 2790 1314 2854 utro·
1353 2806 1355 2811 ’

113 2949 116 2954 .
214 2896 308 2979 bique
329 2915 419 2960 sensu
440 2900 524 2962 stare
539 2897 643 2973 debet3
665 2898 717 2963 sed
740 2917 818 2962 rem
840 2898 979 2980 aliquam
1003 2896 1110 2980 (sales)
1133 2897 1246 2962 adire
1267 2897 1314 2961 est

211 3023 287 3069 rem
302 3005 504 3086 suscipere,
518 3005 603 3070 deos
618 3024 689 3070 vero
703 3003 882 3084 (Camenas)
895 3007 1000 3070 adire
1014 3006 1117 3087 potius
1137 3005 1219 3069 idern
1231 3005 1314 3086 quod

213 3113 294 3178 diis
316 3095 557 3194 supplicare·
600 3110 812 3176 confidentius
845 3111 978 3192 priorem
1000 3112 1120 3193 partem
1141 3111 1312 3176 hexametri

212 3221 392 3302 corruptum
427 3239 491 3284 esse
521 3219 682 3284 contendo.
740 3219 824 3283 Nam
858 3219 1014 3284 infinitivo
1046 3189 1224 3301 at'pirare
1257 3220 1311 3302 qui

211 3330 301 3411 quasi
335 3331 447 3394 tertius
472 3329 628 3394 antecedit
654 3363 691 3374 -
714 3349 752 3393 ne
785 3335 935 3410 urgueam
960 3347 1119 3394 caesuram
1153 3329 1312 3394 obscurari

211 3435 466 3520 semiquinari'sm
488 3437 598 3502 —vis
630 3437 823 3518 repetitionis
856 3436 1007 3501 infinitivi
1040 3437 1153 3503 adire
1186 3437 1311 3502 omnino

315 3654 341 3722 1)
360 3652 500 3722 Ilauptius
518 3652 547 3706 in
558 3652 653 3706 Iudice
673 3652 824 3708 lectionum
837 3652 925 3726 Berol.
948 3652 1017 3707 1859
1035 3669 1081 3722 pg.
1096 3654 1137 3705 12.
1163 3651 1313 3706 Verissimc

123 3807 131 3826 .
211 3752 288 3802 corte
307 3747 442 3802 alucinari
460 3749 530 3804 dicit
547 3765 595 3802 cos
613 3749 708 3803 adire
726 3749 775 3817 qui
792 3751 1010 3817 temptaverunt.
1047 3747 1093 3801 Sic
1111 3747 1184 3802 enim
1202 3746 1310 3801 Ouden-

210 3844 342 3913 dorpius:
372 3843 406 3898 Si
430 3844 566 3899 laudem
592 3845 751 3914 aspirare
775 3843 901 3897 humili
925 3843 1013 3897 licet
1036 3847 1116 3897 erto
1133 3843 1312 3907 Camenam

211 3939 340 3992 humili
368 3939 458 3994 licet
485 3944 568 3994 uter
587 3957 701 3994 avons
720 3941 890 4009 Wagnerus3
919 3940 1133 4008 Hertabergius:
1166 3939 1201 3994 si
1226 3939 1313 3994 licet

210 4035 380 4104 asperius,
399 4037 507 4090 simili
520 4037 839 4092 recitareCamena.
865 4037 990 4104 Denique
1002 4035 1110 4105 Machly
1123 4036 1142 4088 l.
1154 4035 1173 4089 l.
1186 4052 1233 4104 pg.
1247 4037 1313 4089 792:

193 4131 399 4186 sitandam
425 4133 606 4202 aspirante
634 4132 759 4186 humili
789 4132 990 4186 transferre
1009 4131 1166 4185 Camena.
1213 4129 1313 4184 Hiatus

210 4231 303 4282 autern
321 4225 370 4280 ille
388 4227 417 4280 in
436 4228 466 4281 ai
485 4227 584 4281 adire
608 4231 708 4296 poetae
725 4227 881 4296 Vergilium
899 4243 955 4280 non
972 4230 1047 4280 tecte
1071 4225 1194 4280 imitanti
1212 4225 1315 4284 condo·

212 4323 336 4378 nandum
354 4325 410 4392 est3
430 4322 466 4378 cl.
484 4339 508 4378 e.
528 4341 556 4393 g.
570 4321 678 4392 Vergili
696 4321 755 4376 Ecl.
775 4321 840 4378 Vlll
861 4339 884 4376 v.
906 4324 969 4378 107:
988 4321 1047 4392 qui
1065 4326 1187 4378 ament.

1505 2975 1524 3018 f
