3178 5122
784 433 823 500 18

255 619 429 685 infinitivus
449 635 598 684 currere
630 620 670 685 ab
691 619 843 684 adiectivo
876 619 1027 696 mollia,
1059 621 1146 683 ouius
1168 619 1213 684 rei
1234 620 1350 685 similia

259 729 296 792 ut
318 746 381 792 non
402 729 476 791 sunt
496 727 606 810 ignota
638 727 684 791 ita
712 725 856 791 (tretium
890 726 992 807 placet
1023 727 1142 790 adferre
1162 745 1280 809 semper
1301 747 1351 790 ex·

255 835 371 917 quisita
385 835 563 918 loquentem
579 834 666 898 ouius
681 851 787 898 versos
802 835 863 898 522
878 834 924 898 ita
946 834 1095 916 legendus
1110 835 1173 898 est:
1196 833 1350 902 Sterilis

256 943 511 1024 quodcunque
547 942 704 1005 remisit
738 941 861 1006 Terra
896 942 965 1005 siti
997 943 1203 1023 tenuesque
1235 941 1351 1005 sitim

255 1050 470 1131 producere
491 1049 617 1127 rivi1);
650 1050 708 1114 boe
730 1051 792 1114 est:
828 1049 912 1113 terra
942 1049 1056 1113 sterilis
1078 1049 1282 1131 quodcunque
1303 1067 1351 1113 re-

256 1157 345 1222 misit
367 1157 420 1221 1111
442 1157 562 1222 remisit
582 1157 719 1240 itemque
740 1157 800 1223 rivi
820 1158 897 1222 satis
919 1158 1026 1222 tenues
1048 1157 1159 1240 quibus
1188 1157 1257 1220 sitis
1280 1175 1351 1238 pro·

255 1266 389 1330 dueatur
411 1267 463 1340 (de
484 1266 731 1348 quodcunque
753 1267 792 1330 cf.
817 1265 960 1347 Properti
979 1266 1029 1330 ΙΙΙ
1050 1267 1100 1344 21,
1124 1265 1183 1347 19).

354 1373 533 1438 Artifieium
547 1375 593 1438 est
607 1375 706 1457 igitur
727 1374 760 1438 in
772 1373 889 1438 Culicis
903 1393 931 1438 1.
943 1374 984 1436 35
999 1373 1035 1435 ut
1052 1373 1187 1456 dactylis
1203 1374 1351 1456 pingatur

256 1499 380 1545 carmen
402 1481 489 1544 tenui
504 1498 628 1545 comens
651 1481 735 1562 pede.
771 1481 858 1545 Idem
879 1482 910 1544 in
933 1481 1097 1563 propatulo
1120 1481 1166 1544 est
1187 1481 1352 1562 appetiisse

254 1591 381 1670 poetam
404 1607 475 1652 cum
497 1609 525 1654 v.
551 1590 588 1652 17
621 1589 767 1653 scriberet
788 1589 846 1653 sic:
881 1588 1171 1670 Castaliaeque
1204 1607 1350 1654 sonans

254 1697 411 1779 liquido
434 1697 524 1778 pede
547 1697 698 1760 labitur
719 1696 828 1760 unda.
871 1697 982 1778 Itaque
1004 1697 1055 1760 vir
1078 1697 1145 1762 iure
1166 1697 1240 1762 huic
1262 1697 1351 1780 quasi

255 1805 373 1869 rudiori
394 1804 520 1868 rudiora
542 1803 716 1869 adscribere
737 1804 838 1868 voluit
859 1803 1054 1869 Ribbeckius.

355 1913 424 1978 Iam
456 1930 528 1978 vero
561 1931 632 1976 curn
659 1906 792 1994 dactylis
822 1912 871 1976 bis
902 1912 1016 1976 iterum
1049 1915 1227 1995 comparato
1260 1933 1350 1980 versu

255 2019 437 2102 Hauptiano
449 2019 514 2083 fore
528 2037 615 2100 spero
631 2019 666 2082 ut
684 2019 836 2082 sentiatur
858 2019 1104 2084 invenustum
1119 2021 1225 2086 stare
1240 2023 1351 2104 atque

255 2128 360 2192 iners
383 2128 422 2191 in
444 2127 535 2209 pede
563 2127 682 2208 primo
705 2127 861 2190 verbnm
883 2127 1130 2208 spondiacum
1153 2130 1351 2211 quodcum

256 2235 335 2300 fine
357 2235 467 2317 pedis
487 2235 629 2298 finitur
649 2235 977 2299 consentientibus
992 2237 1224 2300 accentibus.
1256 2238 1350 2302 Haud

255 2361 342 2409 scens
368 2343 603 2424 displicebit
637 2361 703 2423 pes
726 2344 889 2424 quartus
912 2343 1151 2424 spondiacus
1176 2344 1210 2407 si
1244 2346 1351 2410 ante-

256 2451 372 2514 cedit
403 2441 601 2515 eaesurae
632 2450 698 2513 eui
733 2469 874 2514 nomen
909 2451 1133 2514 bucolicae.
1192 2451 1351 2516 Nimirum

255 2559 420 2641 pinguiora
442 2558 609 2640 spondiaca
631 2559 704 2621 sunt
725 2558 886 2640 fluuntque
917 2559 1000 2621 lente
1020 2559 1113 2638 atque
1135 2559 1203 2621 tum
1226 2559 1351 2623 demum

255 2667 409 2749 eurythmi
431 2666 613 2730 redolebunt
629 2665 749 2747 aliquid
771 2666 798 2729 si
820 2666 852 2728 in
874 2665 1030 2729 turbinem
1051 2665 1223 2730 trahuntur
1241 2667 1349 2746 proelii

255 2773 449 2838 accentuum.
502 2771 571 2853 Qua
602 2773 639 2837 de
661 2791 754 2838 causa
776 2773 1027 2854 semiseptenaria
1050 2791 1084 2836 eo
1115 2791 1211 2854 usque
1231 2773 1351 2855 placuit

254 2880 353 2962 poetis
368 2879 611 2963 elegantioribus
634 2882 670 2942 ut
691 2880 811 2961 saepius
825 2899 919 2962 quam
939 2880 973 2943 in
986 2880 1085 2945 altero
1108 2899 1230 2963 quoque
1251 2881 1351 2944 metro

255 3007 324 3053 eam
353 2990 539 3070 usurparent
561 2988 668 3069 (Ovidi
701 2989 734 3052 in
756 2989 882 3054 Metam.
904 2989 925 3052 1.
947 2989 980 3052 11
1013 2991 1074 3053 502
1105 2989 1251 3071 exempla,
1274 2989 1352 3051 Pro-

255 3097 335 3179 perti
355 3097 389 3161 in
408 3097 458 3161 l.I
481 3097 692 3162 23111108,
713 3098 849 3161 111323.
872 3097 918 3161 IV
936 3099 1006 3161 293.
1028 3099 1057 3160 V
1074 3099 1148 3174 286)
1171 3098 1352 3177 plerumque

254 3205 424 3270 comitante
446 3204 678 3285 semiquinaria.
720 3205 825 3285 Atque
844 3205 903 3267 bac
923 3205 957 3266 in
980 3205 1080 3268 forma

354 3311 450 3376 Ilium
471 3313 502 3376 11
527 3313 627 3376 omnis
647 3312 741 3376 humo
761 3309 765 3393 l
784 3311 886 3375 fumat
906 3311 909 3388 l
930 3311 1087 3391 Neptunia
1110 3311 1202 3374 Troia

255 3422 370 3485 itenrm
378 3420 460 3485 ratio
471 3420 613 3486 habenda
622 3420 668 3485 est
678 3418 883 3502 responsionis
891 3417 1157 3494 arithmeticae3si
1166 3417 1289 3500 quidem
1299 3435 1353 3499 per

256 3529 393 3612 quinque
415 3527 581 3610 semipedes
597 3527 718 3591 orditur
739 3527 872 3590 metrum
895 3525 1113 3608 clauditurque
1133 3545 1186 3608 per
1207 3527 1351 3608 quinque,

257 3657 319 3702 uno
341 3638 424 3702 inter
438 3655 552 3720 aequas
573 3637 676 3717 partes
690 3636 856 3717 anapaesto
872 3635 1058 3700 intercalato
1068 3636 1104 3716 ²).
1141 3634 1245 3716 Atque
1260 3633 1351 3698 buius

258 3826 365 3880 tentiae
382 3825 536 3880 subiectum
555 3842 613 3879 1111
629 3823 908 3890 eonatituendumque
928 3821 1083 3890 asyndeton
1101 3821 1183 3876 nimis
1202 3821 1302 3874 durum
1320 3838 1353 3876 11

256 3921 376 3976 maxime
395 3921 531 3976 decanea
557 3935 614 3972 non
641 3917 841 3984 commendavi,
869 3917 935 3984 quia
951 3915 1047 3969 mollia
1064 3915 1187 3969 carmina
1211 3934 1260 3970 sua
1278 3935 1353 3972 nunc

256 4019 366 4072 demum
385 4033 445 4071 1111
456 4016 524 4070 dicit
542 4018 634 4084 poeta,
652 4015 693 4068 ita
704 4018 736 4067 ut
753 4012 909 4068 necessario
922 4029 979 4066 non
988 4011 1114 4076 subiecti,
1134 4011 1184 4064 sed
1197 4011 1353 4079 praedicati

254 4114 348 4166 locum
366 4111 484 4166 mollia
502 4110 630 4164 obtinere
648 4101 757 4164 debeat.

356 4208 383 4274 1)
403 4203 470 4259 uod.
488 4203 623 4258 Vindob:
642 4203 729 4258 Terra
749 4203 792 4257 eui
809 4207 962 4272 tenuesque
981 4203 1052 4257 11111.

355 4300 383 4370 2)
402 4301 433 4353 In
454 4300 609 4353 huiusmodi
629 4301 753 4356 versibus
780 4299 855 4368 quod
873 4300 1075 4368 interpungere
1099 4298 1267 4352 sententiam
1286 4301 1351 4366 post
