3178 5122
795 431 835 494 37

268 613 511 696 Maximeque
532 614 569 678 in
591 633 711 695 parva
731 613 896 678 sustulit
921 633 1008 679 ossa
1032 634 1155 694 manu,
1179 613 1271 679 (lum
1289 614 1365 678 tibi

267 739 333 786 nec
353 720 655 786 Peleus'aderat
686 739 751 784 nec
782 721 939 786 caerula
971 722 1096 787 mater
1117 741 1179 805 eqs.
1223 722 1365 786 Primum

267 829 351 894 certo
373 829 489 896 certius
510 829 557 894 est
578 847 650 892 cum
673 828 750 893 tibi
770 846 844 893 voce
875 829 1034 904 mortuum
1054 831 1146 911 poeta
1177 830 1366 912 adloquatur

266 937 350 1002 intra
372 937 448 1002 fines
469 936 605 1002 eiusdem
628 954 743 1012 senene,
766 935 985 1001 subdebilli
1007 937 1130 1002 subesse
1148 937 1257 1002 debere
1271 956 1364 1002 voca-

266 1046 393 1110 tivum·
431 1045 548 1110 Deinde
581 1044 683 1109 tanti
705 1062 847 1125 eorpus
869 1027 1037 1109 Achilli¹
1060 1045 1142 1109 sicut
1174 1065 1227 1127 per
1249 1065 1281 1110 se
1303 1064 1364 1110 non

266 1155 343 1220 eatis
359 1153 490 1236 dignum
513 1154 561 1217 est
583 1152 688 1216 nostro
709 1152 811 1233 poeta,
832 1151 884 1217 ita
905 1153 992 1218 iuxta
1014 1153 1253 1235 maximaque
1275 1173 1364 1218 ossa

266 1263 402 1344 positum
425 1279 549 1343 prorsus
563 1259 734 1342 superfluit.
777 1259 941 1324 Nescimus
953 1260 1233 1344 Propertiumtam
1255 1263 1365 1327 misere

266 1370 313 1434 bis
334 1368 548 1434 idem'dicere.
591 1368 732 1450 Denique
753 1386 905 1449 quaenam
927 1368 1003 1433 baec
1028 1369 1245 1434 atvnarrandi
1271 1369 1363 1447 ratio,

267 1477 304 1540 ut
326 1477 460 1558 primum
494 1476 601 1541 lavare
619 1476 743 1541 dicatur
768 1475 880 1557 puella,
911 1476 980 1540 tum
1004 1478 1035 1541 et
1058 1494 1160 1540 comas
1188 1476 1311 1542 foedare
1333 1477 1364 1542 et

267 1603 376 1666 corpus
387 1583 520 1650 Achillis
542 1603 637 1650 manu
657 1585 782 1648 tenerer
826 1581 888 1648 Cur
904 1602 1016 1666 quaeso
1039 1573 1134 1648 manu
1156 1585 1278 1648 tenuit?
1312 1585 1363 1654 An

267 1691 340 1774 quia
362 1709 466 1758 comas
487 1692 648 1758 foedavit?
679 1711 720 1757 an
751 1692 788 1756 ut
815 1689 993 1756 foederati.
1017 1691 1085 1756 lam
1103 1710 1175 1756 vero
1204 1691 1248 1756 sic
1269 1692 1363 1757 velim

265 1799 387 1866 litteras
409 1800 655 1884 distinguamus:

364 1909 576 1993 Foedavitque
597 1929 700 1975 comas
720 1910 825 1974 cettan
847 1910 873 1974 ti
891 1929 1002 1992 cerpus
1024 1892 1152 1991 Achilli,

267 2016 348 2082 unde
369 2017 460 2084 facile
480 2018 599 2083 elicies:

364 2126 575 2208 Foedavitque
606 2144 709 2192 comas
731 2128 885 2192 siccans
906 2127 978 2192 tibi
1013 2145 1162 2208 corpus,
1196 2126 1361 2191 Achille.

265 2234 341 2298 Inde
371 2233 471 2317 igitur
493 2252 597 2299 comas
629 2233 746 2299 dicitur
776 2234 901 2300 foedare
922 2235 1048 2312 Briseis,
1084 2235 1158 2316 quia
1187 2235 1225 2299 iis
1259 2234 1362 2298 effusis

264 2341 361 2407 siccat
392 2342 541 2406 lavatum.
585 2342 636 2407 Ad
656 2343 861 2408 elocutionem
884 2343 988 2408 confer
1010 2343 1093 2408 Stati
1125 2343 1228 2407 loeum
1251 2341 1360 2424 (Theb.

265 2449 321 2528 XI,
344 2451 405 2514 642
430 2449 507 2533 sq.):

364 2558 453 2624 Illius
476 2559 547 2624 exili
568 2559 752 2626 stridentem
771 2561 805 2625 in
827 2561 949 2644 pectore
971 2561 1097 2642 plagam

362 2668 482 2734 Ismene
506 2667 642 2750 collapsa
664 2688 755 2751 super
778 2669 977 2752 lacrimisque
1001 2669 1199 2752 comisque

363 2775 541 2842 Siccabat
560 2777 720 2860 plangens.

263 2881 441 2966 Hyacinthe
463 2883 576 2965 Apollo
600 2884 784 2948 moribundo
800 2883 925 2957 volnera
948 2884 1072 2949 siccat
1093 2884 1199 2964 (Ovidi
1220 2885 1294 2949 Met.
1311 2887 1359 2963 10,

266 2989 356 3072 187);
379 2990 418 3054 cf.
434 2991 530 3056 etiam
540 2991 826 3074 vrgialv6873
847 2992 961 3056 X834.
994 2991 1148 3056 Attendae
1172 2992 1265 3056 simrd
1286 2993 1361 3058 ter·

263 3100 381 3181 gandi
403 3101 532 3168 uerbum
552 3101 601 3166 vel
624 3100 804 3183 detergenti
827 3101 910 3184 quod
932 3101 1016 3166 uitae
1039 3100 1213 3165 cotidianae
1235 3101 1281 3164 eet
1309 3120 1360 3165 ra-

259 3208 383 3275 rissime
404 3209 466 3292 legi
480 3209 563 3292 apud
578 3211 693 3292 poetas.
726 3210 866 3292 Denique
877 3208 960 3291 apud
972 3209 1169 3292 Propertium
1184 3209 1210 3273 si
1225 3209 1263 3274 de
1273 3209 1360 3275 Ado-

263 3317 335 3382 nide
353 3317 469 3383 dicitur
490 3317 725 3400 (111‚'·13‚39):
747 3319 837 3383 Illis
859 3319 1075 3384 formosum
1096 3317 1239 3383 lavisse
1254 3319 1277 3396 ¹)
1299 3338 1359 3400 pa·

263 3425 426 3505 ludibuS,
449 3426 724 3492 illucDiceris
750 3427 881 3492 eflusa
903 3427 1077 3504 tuVenus
1099 3426 1177 3491 isse
1199 3445 1305 3491 coma
1321 3463 1355 3471 -

263 3533 336 3616 quia
347 3533 451 3599 offusis
473 3534 583 3600 itidem
595 3536 691 3601 comis
714 3536 752 3600 ad
775 3535 904 3618 puerum
924 3535 1092 3601 lavandum
1115 3535 1151 3613 it,
1174 3553 1234 3598 non
1255 3535 1358 3600 minus

262 3641 393 3706 fortasse
412 3642 508 3708 tacite
529 3642 699 3708 siccantem
709 3644 857 3710 Venerem
879 3643 1071 3726 imaginatus
1094 3644 1185 3726 poeta
1199 3643 1254 3722 est,
1276 3642 1359 3706 sicut

261 3749 294 3813 in
315 3750 417 3834 idyllii
439 3752 522 3834 quod
543 3752 636 3816 Bioni
658 3752 846 3818 adscribitur
863 3753 956 3834 primi
979 3771 1070 3817 versu
1090 3753 1131 3818 84
1152 3771 1198 3833 eq.
1230 3750 1358 3817 Veneris

261 3856 328 3922 loco
342 3858 508 3940 Cupidines
522 3860 631 3925 lavant
642 3860 767 3926 Adonin
782 3861 960 3944 siccantque
974 3861 1033 3926 alis
1055 3860 1313 3943 refrigerantibus
1321 3861 1357 3942 ²).

364 4034 390 4103 1)
409 4033 482 4088 Haec
509 4035 583 4088 enim
611 4034 766 4088 certissima
784 4032 919 4103 Scaligeri
946 4034 1104 4088 emendatio
1131 4034 1171 4102 (in
1188 4035 1283 4089 codd:
1314 4035 1357 4088 ia·

260 4129 384 4199 coisse)
403 4128 506 4183 iniuria
524 4128 673 4198 spernitur.
710 4130 755 4182 An
772 4128 843 4182 nibil
862 4129 997 4200 cogitavit
1016 4129 1179 4199 Propertius
1197 4131 1288 4186 subito
1307 4148 1358 4200 pa·

260 4223 357 4279 ludes
375 4224 616 4280 commemorans?

359 4321 581 4392 apodemium
605 4325 698 4376 autem
717 4321 800 4392 Prop.
822 4322 953 4391 11,o,13
976 4352 1008 4364 -
1029 4341 1063 4388 ne
1092 4322 1144 4377 boe
1172 4321 1300 4376 omittam
1320 4351 1352 4361 -—
