3178 5122
781 455 823 530 66

255 643 299 730 (r.
314 643 423 732 eosq.)
445 643 546 714 nescio
568 665 643 713 num
657 647 907 714 animadversum
930 647 985 724 ait;
1008 663 1089 712 nunc
1111 643 1192 712 enim
1215 664 1247 712 se
1260 640 1349 730 lupos

255 775 402 840 quaerere
421 757 498 821 dicit
519 759 551 823 et
569 757 660 824 felem
681 757 833 822 minacem

354 866 438 930 Dum
460 885 521 931 non
545 885 659 949 magna
680 865 780 931 ratis
801 865 952 931 ricinis
973 863 1251 930 sueta'movari

355 973 559 1038 Litoribus
580 975 766 1057 tutosque
787 974 896 1039 sinus
917 989 1153 1056 percurrere
1174 965 1295 1034 rcm'is

355 1082 448 1146 Nune
469 1081 605 1163 primum
626 1082 681 1147 dat
702 1082 772 1146 uela
794 1082 886 1146 Notis
908 1101 970 1164 eqs.

257 1189 368 1256 Tutior
388 1190 471 1255 enim
493 1191 568 1254 haec
589 1207 640 1255 ars
662 1189 693 1253 et
713 1189 915 1272 tranquillior
927 1190 976 1254 cui
989 1189 1064 1255 olim
1086 1189 1223 1270 parebat,
1246 1187 1351 1270 pasto-

255 1297 331 1362 ralis
352 1298 463 1362 cantus
484 1297 649 1362 videbitur.

355 1403 458 1469 Velim
480 1405 634 1471 etiamad
655 1406 812 1489 Elegiae
842 1423 919 1488 quas
940 1405 1018 1470 duaa
1048 1403 1191 1470 distinxit
1211 1402 1350 1484 Scaliger

256 1512 295 1575 in
316 1511 575 1578 Maecenatem
597 1513 827 1589 temerariam
858 1514 951 1578 antea
971 1513 1053 1577 enim
1076 1529 1170 1593 quam
1193 1510 1350 1592 Hauptios

256 1619 293 1684 de
314 1620 460 1702 llpicedio
480 1622 575 1686 Drusi
598 1621 678 1703 lips.
701 1621 781 1686 1849
810 1621 884 1703 egit,
917 1620 1056 1702 llpicedii
1086 1619 1229 1703 scriptori
1255 1619 1349 1683 etiam

255 1727 326 1792 illas
348 1727 451 1793 deberi
474 1728 706 1794 consentiebant
728 1731 760 1793 ct
792 1730 917 1810 propter
937 1728 1099 1793 verborum
1132 1727 1350 1794 similitudines

257 1834 289 1898 et
311 1835 393 1916 quod
415 1836 506 1900 modo
529 1835 663 1900 Drusum
687 1836 829 1900 iuvenem
849 1835 1005 1900 deflevisse
1026 1838 1149 1917 poetam
1171 1835 1247 1900 satis
1268 1835 1351 1898 dilu-

257 1941 325 2006 cide
356 1943 526 2024 apparcbat
549 1961 585 2008 er
607 1962 657 2008 vu.
681 1943 706 2022 Ι,
732 1944 747 2006 1
770 1961 816 2024 sq.
846 1941 878 2006 st
899 1942 940 2021 ΙΙ,
964 1942 993 2006 4.
1038 1942 1155 2006 Tamen
1178 1960 1228 2006 ars
1258 1941 1351 2005 bera-

257 2051 386 2115 metrica
407 2051 433 2114 si
456 2051 623 2133 spectatur,
646 2050 730 2115 color
750 2069 812 2114 uon
834 2067 897 2115 uua
917 2047 951 2113 in
973 2067 1007 2113 re
1028 2049 1167 2114 diversus
1188 2049 1327 2130 patescit.

358 2156 459 2222 Semel
481 2155 563 2221 enim
585 2155 686 2220 exstat

560 2285 624 2341 res
723 2285 794 2340 cro
878 2286 945 2355 aas
1033 2287 1105 2356 cco
1178 2287 1267 2342 1111.

310 2384 445 2439 biascam:
463 2383 545 2438 inve.
585 2383 618 2436 1e
637 2379 839 2452 (6111.)4(22)
876 2382 1019 2452 ⁶¹¹bsllssl
1055 2386 1091 2437 30
1127 2383 1165 2454 (3)
1201 2387 1219 2438 8
1259 2387 1316 2454 (ll)

306 2477 490 2548 epicurea:
564 2479 617 2532 aar
635 2477 675 2548 (ι)
747 2477 839 2548 aar)
876 2477 927 2546 rc„
959 2478 1015 2549 (aa)
1055 2481 1089 2532 ro
1107 2479 1163 2549 (24)
1200 2479 1323 2548 rugan).

255 2600 387 2665 Formae
407 2601 440 2664 ΙΙ
462 2599 634 2681 exemplum
655 2617 717 2664 non
738 2601 784 2664 cst
805 2599 865 2664 nisi
888 2600 920 2663 in
943 2599 1153 2682 Epicadioqr.
1176 2601 1247 2681 35·);
1273 2601 1348 2665 item

255 2708 343 2771 iuxta
363 2707 516 2788 duplicem
539 2724 698 2772 caesuram
719 2706 802 2771 PPD
825 2708 977 2773 admissus
1001 2707 1151 2790 (1259).
1195 2707 1350 2774 Gravissi-

256 2833 342 2878 mum
364 2832 452 2878 uero:
484 2833 554 2878 cum
575 2815 609 2878 in
630 2815 872 2880 Maecenatiania
902 2835 1072 2897 numquam
1095 2816 1224 2897 quartus
1257 2815 1350 2880 simul

256 2922 287 2985 et
307 2921 436 3004 quintus
468 2923 632 2988 trochaeus
654 2922 877 3006 distinguatur,
899 2923 1007 3006 putide
1029 2941 1077 2988 res
1098 2941 1135 2988 ea
1156 2924 1288 3014 recurrit
1319 2923 1349 2985 iu

257 3028 474 3093 Consolatione
494 3027 587 3092 semel
614 3027 647 3090 iu
672 3028 752 3107 19⁸(4
773 3047 823 3093 vr.
846 3028 994 3111 (12111),
1026 3029 1113 3119 cuius
1135 3028 1237 3093 simile
1268 3029 1349 3111 apud

256 3133 633 3217 heroicos‚'·nedumapud
654 3135 806 3218 elegiacos
828 3153 997 3218 numquam
1021 3155 1071 3201 me
1091 3137 1193 3220 legere
1214 3137 1350 3201 memini.

257 3243 369 3325 Itaque
381 3242 475 3307 etiam
486 3243 593 3324 postca
605 3261 699 3324 quam
711 3243 832 3324 Haupti
846 3242 996 3308 iudicium
1009 3243 1259 3310 Consolationem
1274 3243 1352 3309 citra

256 3369 362 3415 reram
373 3369 438 3415 ease
459 3349 679 3432 antiquitatem
693 3349 864 3414 refutatum
879 3351 947 3433 erit,
967 3351 1001 3414 in
1015 3351 1073 3416 boc
1087 3371 1137 3416 me
1151 3351 1253 3416 iudice
1272 3371 1352 3415 sem·

257 3477 310 3540 per
318 3458 477 3540 Hauptius
487 3456 668 3539 sequendus,
681 3457 807 3522 doctum
823 3458 958 3540 aliquem
969 3459 1092 3541 poetam
1104 3459 1353 3526 Maecenatiano-

257 3585 326 3631 mm
347 3567 480 3631 lectione
500 3565 668 3631 incitatum
686 3565 789 3648 elegos
804 3585 881 3648 quos
895 3566 1090 3632 desiderabat
1108 3566 1147 3631 de
1157 3565 1257 3630 Druso
1280 3567 1353 3630 sub·

257 3673 405 3738 stituisse.
449 3674 564 3738 Versus
585 3674 690 3739 autem
713 3674 830 3756 elegiae
865 3674 897 3738 in
920 3674 1018 3740 Maec.
1051 3674 1162 3756 prioris
1187 3675 1225 3739 19
1260 3675 1352 3738 1129

257 3779 465 3846 condolendi
496 3783 580 3862 sunt,
615 3782 668 3847 sed
690 3781 906 3847 coniunctione
936 3771 1101 3863 copulandi
1129 3799 1199 3846 cum
1231 3781 1353 3845 autoce-

257 3889 402 3954 dentibua
422 3889 483 3954 ita:
505 3889 636 3954 Vincit
658 3889 839 3971 volgares
860 3887 982 3953 aelati
1003 3887 1172 3971 beryllus
1193 3888 1353 3952 barenas

258 3995 391 4061 Litore
423 3997 465 4061 in
487 3997 678 4062 erstremo
705 4016 796 4079 quas
817 3997 933 4062 simul
966 3997 1069 4062 unda
1091 3995 1224 4061 movet
1245 3999 1353 4078 (quas

257 4104 339 4168 euim
356 4103 500 4170 Vossiani
521 4105 548 4170 ai
570 4105 663 4170 simul
683 4103 723 4171 ad
746 4103 897 4188 beryllum
921 4106 1025 4189 refers,
1047 4105 1084 4170 de
1107 4124 1197 4170 versu
1220 4107 1260 4168 29
1282 4124 1354 4186 par-

258 4213 345 4276 cetur
360 4213 567 4291 coniecturis).
598 4213 702 4296 Igitur
716 4213 875 4279 Minervae
887 4213 1102 4296 Apolliniaque
1123 4213 1216 4278 decue
1229 4213 1276 4276 ita
1298 4213 1353 4290 cst,

147 4391 149 4400 s
258 4322 344 4387 velut
365 4323 502 4405 beryllus
523 4322 713 4405 volgares
735 4322 866 4388 barenas
886 4321 999 4404 rineit3
1023 4321 1182 4388 sciendum
1203 4322 1250 4386 est
1271 4321 1352 4386 enim
