3178 5122
790 423 832 488 44

268 607 453 692 infringitur
484 609 515 672 et
544 608 717 673 hebetatur.
760 607 865 690 Atque
899 607 1048 689 quidnam
1081 607 1238 690 significat
1271 608 1363 690 aspi-

268 734 349 780 rare
371 735 441 780 cum
463 715 641 782 accusativo
665 716 899 780 constructum?
943 716 1061 780 Ventos
1082 715 1165 797 apud
1188 715 1364 798 Vergilium

267 825 346 888 Iuno
365 824 508 905 adspirat
522 825 617 902 eunti,
640 824 744 888 Venus
763 823 878 888 ibidem
892 823 1064 888 Volcanum
1087 822 1256 905 adloquens
1271 823 1363 889 dictis

229 1017 233 1024 ¹
267 931 408 1013 adspirat
420 931 561 996 divinum
577 951 727 1007 amorem3
741 951 857 1004 numen
867 931 1061 1012 Quintiliano
1075 931 1235 1014 ingenium
1245 933 1365 1013 aspirat

268 1037 302 1118 (l.
325 1039 371 1104 IV
392 1058 526 1121 prooem.
549 1039 599 1122 5);
622 1041 741 1122 itaquo
764 1041 854 1121 poeta
867 1031 872 1041 '
887 1039 991 1104 noster
1021 1039 1048 1104 si
1080 1039 1205 1104 laudem
1227 1040 1364 1121 aspirare

268 1147 344 1225 volt,
366 1166 428 1212 non
449 1166 613 1229 possumus
635 1148 838 1229 interpretari
856 1148 916 1212 nisi
947 1151 1026 1212 eum
1057 1147 1215 1212 laudem
1237 1147 1363 1214 alicui

269 1254 473 1320 concedere
494 1255 618 1330 velle3
654 1255 736 1338 quod
771 1255 941 1320 absurdum
974 1256 1030 1320 est.
1073 1255 1296 1338 Attingere
1328 1257 1364 1320 ut

266 1362 508 1444 intellegeretur,
527 1363 660 1428 scribere
674 1362 806 1428 fortasse
820 1363 955 1435 licebat:
978 1363 1010 1427 si
1028 1363 1133 1428 laudi
1149 1362 1363 1445 aspirareb.

268 1470 409 1552 Denique
430 1471 577 1536 laudem
598 1472 727 1562 moleste
748 1471 811 1536 fero
834 1489 938 1536 carere
959 1469 1127 1547 adiectiv03
1148 1472 1363 1554 exspectabam

268 1577 330 1642 diei
362 1579 409 1658 „si
431 1579 471 1644 ad
492 1581 601 1645 tuam‘
623 1580 672 1645 vel
703 1580 817 1644 rectius
850 1580 897 1659 „si
917 1567 1173 1645 ad'minorem
1207 1599 1302 1664 quam
1328 1581 1365 1646 tu

269 1685 417 1754 laudem
439 1689 576 1771 aspirare
596 1691 789 1772 possumus.“

368 1795 472 1878 Atque
484 1797 620 1880 reliquos
634 1797 869 1879 inspicientibus
882 1795 1001 1862 codices
1017 1796 1182 1880 augebitur
1196 1796 1365 1872 dubitati03

270 1905 397 1970 namin
419 1905 663 1970 Helmstadiensi
685 1905 811 1988 quidem
838 1924 893 1988 pro
917 1907 1088 1988 aspirare
1108 1905 1247 1970 traditur
1269 1904 1365 1987 aspi-

270 2033 405 2092 rarem,
439 2013 472 2078 in
495 2015 604 2079 ceteris
637 2015 740 2096 potius
762 2016 944 2098 aspirem.
989 2015 1030 2079 Et
1052 2000 1176 2096 quidem
1208 2033 1269 2078 non
1299 2013 1366 2076 sine

267 2123 368 2206 specie
388 2123 508 2188 dicatur
531 2123 724 2188 Bruxellensi
748 2123 821 2189 lieet
842 2134 932 2205 saepe
953 2122 1094 2187 exhibeat
1111 2122 1239 2187 meliora
1260 2120 1365 2185 infini-

267 2231 369 2296 tivum
400 2250 453 2312 per
475 2230 685 2296 coniecturam
720 2232 855 2296 inlatum
887 2249 951 2295 esse
980 2231 1019 2295 ab
1050 2249 1084 2294 eo
1110 2231 1164 2312 qui
1195 2229 1361 2311 aspirem

268 2357 378 2420 parum
400 2339 604 2404 intellexerat.
646 2339 756 2404 Potest
778 2340 872 2404 etiam
897 2357 1054 2422 cyrenas
1075 2337 1155 2402 illud
1179 2357 1243 2403 esso
1264 2336 1365 2402 verius

269 2446 352 2529 quod
372 2464 427 2528 pro
449 2447 596 2512 eirenes
623 2446 735 2529 reliqui
768 2447 841 2512 libri
864 2447 1022 2529 praebent.
1058 2447 1133 2512 lam
1155 2464 1226 2510 vero
1249 2445 1286 2509 ut
1306 2444 1365 2510 nli-

269 2553 343 2638 quid
366 2573 520 2634 conemur,
555 2537 628 2636 quia¹
650 2573 724 2618 uoce
746 2573 904 2637 cyrenas
935 2553 1053 2618 humile
1073 2553 1247 2618 carminum
1268 2570 1365 2635 genus

267 2661 421 2726 indicetur
451 2680 572 2726 necesse
599 2662 655 2745 est,
689 2661 801 2726 incidit
833 2662 867 2726 in
889 2662 1025 2726 mentem
1053 2661 1140 2727 locus
1163 2661 1363 2743 Vergilianus
1413 2741 1418 2750 .

267 2764 319 2834 hic
339 2771 418 2853 (hcl.
442 2772 497 2850 IV,
521 2773 540 2836 2
563 2772 637 2854 sq.):

367 2879 439 2944 Non
462 2879 561 2946 omnis
584 2880 713 2944 arbusta
735 2880 845 2945 iuvant
865 2879 1101 2962 humilesque
1125 2878 1304 2962 myricam

369 2985 402 3052 Si
423 2987 563 3071 canimus¹
581 2988 704 3070 silvas,
725 2988 823 3052 siluae
843 2988 907 3052 sint
927 2988 1051 3052 consule
1072 2987 1196 3069 dignae.

268 3096 379 3177 Itaque
415 3095 533 3160 humile
568 3096 742 3160 carminum
776 3115 874 3178 genus
915 3115 986 3160 cum
1020 3081 1210 3179 myricis,
1254 3094 1366 3160 elatius

269 3221 340 3266 cum
362 3202 474 3281 silvis
495 3181 614 3285 poetice
629 3203 832 3291 componitur,
853 3205 898 3268 ita
913 3205 1020 3269 tamen
1038 3205 1074 3268 ut
1088 3203 1183 3268 etiam
1204 3203 1250 3268 sic
1270 3202 1366 3268 silvae

269 3331 331 3377 non
352 3311 529 3395 significent
562 3312 721 3378 heroicum
742 3331 875 3394 carmen,
907 3313 960 3377 sed
991 3312 1126 3376 eiusdem
1158 3309 1366 3376 1111111101-

268 3439 376 3486 menao
397 3420 558 3506 aliquanto
581 3422 686 3486 lusum
704 3421 915 3504 grandiorem.
958 3421 1063 3504 Atque
1084 3419 1175 3485 hanc'
1195 3419 1365 3502 imaginem

268 3529 345 3594 beno
365 3529 526 3596 inventam
547 3531 690 3596 imitatus
712 3531 758 3595 est
782 3529 968 3612 Calpurnius
992 3549 1018 3595 o.
1032 3531 1078 3595 IV
1101 3549 1129 3594 v.
1147 3530 1196 3594 77.
1240 3525 1303 3590 Diu
1320 3526 1366 3590 est
1418 3568 1421 3574 ·

269 3638 373 3703 autom
396 3637 646 3704 animadversum
674 3637 769 3704 etiam
803 3637 901 3704 nostri
926 3637 1070 3703 carminis
1103 3637 1225 3719 poetam
1247 3633 1366 3700 scilicet

269 3745 307 3810 de
327 3745 478 3812 Messalae
499 3745 654 3811 Bucolicis
674 3764 787 3828 graeca
809 3745 919 3828 lingua
942 3746 1066 3828 scriptis
1088 3745 1234 3828 egentem
1254 3741 1366 3808 exBu-
1460 3798 1466 3808 .

269 3853 437 3918 oolicorum
451 3852 589 3918 Maronis
611 3871 750 3918 sermone
770 3852 870 3916 multa
885 3851 1117 3934 deprompsisse.
1158 3849 1270 3916 Nescio
1290 3867 1366 3912 num

373 4109 397 4180 1)
415 4110 495 4164 Certe
524 4108 553 4162 in
581 4126 665 4178 prosc
691 4109 819 4164 oratione
848 4109 889 4162 111
913 4108 1049 4164 laudem
1068 4106 1226 4176 aspirare
1253 4105 1366 4162 (licitur.

269 4207 386 4262 Dntivus
403 4223 486 4260 sensu
503 4205 676 4273 aliquantum
701 4207 810 4260 mutato
828 4207 921 4259 exstet
938 4204 1012 4274 apud
1030 4203 1184 4274 Vergilium
1211 4201 1274 4273 (XII
1292 4201 1366 4271 352),

269 4303 318 4358 ubi
335 4302 426 4358 Dolon
445 4301 539 4370 equis
557 4301 673 4356 Achillis
691 4300 887 4371 suspirasse
904 4300 1015 4358 dicitur.
