3178 5122
746 485 788 560 49

321 672 481 746 Vocabula
510 678 722 764 amphibrevia
754 681 919 747 sacrandam
951 675 1035 748 arsin
1068 693 1147 766 quae
1170 681 1318 766 occupent

222 790 408 854 sanescentia
429 789 553 854 exstant
574 789 667 854 semel
686 790 719 853 in
741 789 761 854 l.
779 790 796 854 Ι
817 789 899 854 inter
920 791 960 854 81
976 809 1026 854 vv.
1049 788 1083 873 (5
1099 793 1167 871 ex),
1190 791 1222 855 ΙΙ
1237 791 1319 858 inter

222 895 284 958 214
306 895 363 977 (1),
386 895 433 958 IV
455 913 618 976 nusquam.
662 896 820 960 Incuriam
834 915 906 980 vero
928 897 1085 978 praeclare
1103 897 1207 978 prodit
1222 916 1318 982 auge·

222 1003 356 1066 suentem
386 1021 460 1067 usus
492 1002 610 1067 formae
636 1003 685 1078 ΙΙ;
720 1003 847 1067 eandem
881 1003 1128 1085 amphibreuium
1154 1006 1318 1070 verborum

222 1129 296 1174 usus
318 1111 400 1174 circa
421 1110 505 1174 arsin
528 1109 670 1191 quintam
692 1110 863 1192 positorum
885 1111 958 1176 libri
981 1112 996 1175 I
1018 1113 1112 1176 semel
1130 1113 1163 1176 in
1186 1116 1248 1177 202
1268 1133 1318 1180 vv.

223 1217 281 1300 (a),
299 1201 376 1284 ‘noa
396 1219 442 1283 xv
462 1220 494 1283 rn
515 1220 555 1282 aa
578 1218 610 1301 (a
632 1218 702 1300 ex),
726 1237 797 1283 aum
820 1219 913 1284 vacat
934 1219 1014 1286 noer
1034 1221 1076 1284 u.
1227 1298 1230 1304 ,

320 1327 431 1409 Itaque
452 1345 522 1391 curn
545 1345 597 1408 per
619 1327 718 1392 certos
751 1325 867 1409 gradus
889 1327 1033 1393 retexisse
1054 1328 1161 1394 videar
1194 1330 1316 1411 poetam

222 1433 336 1516 partim
348 1434 556 1501 emendationi
570 1435 685 1517 partim
701 1434 915 1517 neglegentiae
927 1431 1101 1516 obnoxium,
1124 1457 1186 1502 non
1202 1438 1247 1503 est
1262 1456 1318 1502 cur

222 1540 346 1605 credam
366 1541 440 1605 libri
451 1541 556 1624 quarti
571 1541 685 1624 elegias
707 1543 780 1606 ante
801 1543 916 1608 librum
941 1543 1108 1608 secundum
1132 1546 1318 1627 compositas

223 1667 302 1724 esse3
335 1649 393 1714 hoo
423 1650 504 1714 enim
527 1651 655 1715 sumunt
675 1650 736 1714 viri
757 1651 841 1715 docti
864 1651 1020 1733 Gruppius
1043 1652 1211 1717 Teuffelius
1234 1655 1317 1719 arhi-

221 1757 319 1821 trario
341 1757 443 1839 polius
468 1777 563 1840 quam
584 1778 619 1823 ex
640 1759 773 1838 indiciis,
801 1760 948 1840 quoniam
971 1760 1007 1823 ut
1027 1777 1151 1825 carmen
1173 1762 1215 1841 ΙΙ,
1237 1764 1257 1826 2
1279 1763 1317 1827 de

224 1863 368 1931 Cerintho
399 1866 617 1950 intellegamus
646 1868 676 1931 et
700 1866 847 1949 Sulpicia,
879 1868 985 1932 tamen
1008 1869 1061 1951 qui
1094 1887 1142 1934 res
1164 1870 1317 1936 humanas

223 1973 396 2039 considerat
429 1975 538 2040 contra
567 1974 649 2040 dicet
678 1975 729 2039 rix
761 1975 816 2040 alii
840 1975 907 2040 viro
930 1975 1101 2057 Sulpiciam
1134 1978 1317 2043 concessisse

222 2081 295 2146 ante
318 2081 484 2147 conubium
506 2081 642 2162 dumque
673 2099 760 2146 amor
781 2081 986 2165 periclitatur,
1012 2101 1148 2148 amorem
1180 2086 1217 2148 ut
1247 2085 1317 2150 urbi

222 2188 373 2254 narraret.
1282 2183 1303 2262 s

321 2296 389 2360 Iam
410 2314 482 2361 vcro
505 2295 702 2362 consulamus
730 2315 871 2362 numeros
903 2297 957 2379 qui
986 2299 1060 2362 sunt
1081 2299 1316 2383 Panegyrici

221 2403 260 2465 in
281 2403 497 2482 Messalam,
530 2401 557 2466 si
580 2401 660 2468 forte
683 2403 723 2468 ad
743 2404 954 2486 quaestionem
977 2404 1015 2470 de
1036 2405 1101 2470 eius
1121 2408 1241 2490 origine
1263 2409 1317 2472 Ti-

220 2509 369 2589 bulliana,
405 2529 500 2592 quam
521 2511 591 2592 post
618 2511 800 2576 Teuffeliurn
822 2511 1031 2578 affirmantem
1061 2515 1142 2593 (1.1.
1165 2535 1217 2600 pg.
1239 2517 1315 2598 352)

223 2618 322 2682 denuo
343 2636 440 2700 nuper
461 2619 612 2684 tractavit
633 2619 805 2684 Hankelius
842 2620 890 2702 (in
911 2621 1001 2686 Actis
1024 2641 1083 2687 soc.
1106 2624 1212 2705 philol.
1233 2625 1315 2708 Lips.

222 2726 296 2790 tom.
309 2725 362 2808 V),
385 2726 519 2809 aliquem
541 2727 678 2792 fructum
700 2727 787 2792 nohis
809 2746 916 2811 capere
937 2730 1039 2796 liceat.
1082 2732 1192 2798 Exstat
1211 2735 1316 2798 autem

222 2832 255 2896 in
276 2851 311 2898 eo
331 2833 424 2898 semel
445 2834 521 2900 PPS
544 2835 577 2898 in
599 2837 639 2900 26
661 2819 712 2900 vv}
733 2837 767 2915 (8
790 2842 858 2916 ex),
881 2838 1019 2911 PPDin
1045 2840 1105 2920 7¹),
1128 2840 1204 2920 (28),
1237 2841 1315 2923 Pus

222 2941 255 3004 in
277 2942 338 3021 5¹l⁵
362 2941 440 3024 (34),
473 2943 557 3024 PQD
582 2945 615 3008 in
640 2945 678 3006 15
704 2943 784 3028 (14),
820 2947 861 3010 Η.
882 2947 921 3010 tr.
943 2947 975 3010 in
999 2948 1058 3027 72),
1083 2947 1161 3030 (29),
1192 2950 1260 3014 FII
1282 2951 1315 3014 in

222 3051 306 3130 23⁴),
329 3051 390 3134 (9);
411 3051 518 3135 itaque
533 3053 875 3136 u112n111=1222a
919 3055 995 3119 Post
1016 3057 1152 3137 primum
1170 3057 1264 3122 simul
1285 3060 1316 3123 et

221 3159 389 3223 secundum
410 3160 602 3239 trochaeum,
633 3160 709 3225 item
730 3161 800 3242 post
831 3161 978 3242 quartum
1000 3161 1093 3228 simul
1118 3163 1150 3228 et
1171 3164 1315 3246 quintum

221 3285 391 3348 numquam
413 3266 509 3332 incidi
533 3265 597 3332 ridi
619 3268 823 3334 hexametros.

319 3373 425 3456 Atque
446 3374 682 3442 differentia
715 3377 825 3442 statim
853 3395 915 3440 non
946 3397 1043 3460 parua
1079 3378 1178 3445 elucet
1210 3381 1316 3446 inter

151 3551 155 3560 ‚
221 3481 502 3566 Panegyricum
528 3485 566 3550 et
586 3484 747 3566 primum
771 3485 917 3550 librum
933 3485 1314 3553 TibullioumexPPD

221 3589 252 3652 et
273 3587 367 3670 PQD,
389 3592 457 3656 turn
479 3611 514 3657 ex
533 3591 651 3658 formae
669 3594 703 3656 ΙΙ
721 3593 904 3676 frequentia.

320 3698 392 3762 Non
412 3700 515 3764 minus
536 3719 664 3783 gravem
685 3701 803 3767 subicio
825 3701 1107 3782 observationem)
1129 3722 1223 3785 quam
1238 3705 1316 3770 sicui

220 3805 318 3880 latius
341 3807 501 3874 extendere
531 3810 652 3892 tempus
675 3809 735 3874 erit
757 3811 833 3876 hene
855 3810 922 3875 erit.
964 3810 1203 3877 Positionem
1233 3814 1314 3878 enim
1582 3879 1583 3900 ,

221 3913 421 3979 verborum
453 3917 492 3980 in
514 3917 737 3984 hexametro
774 3918 855 3984 sicut
879 3919 913 3982 in
944 3920 1137 4001 pentametro
1166 3923 1316 3986 nonanta
1560 3919 1567 3928 “

222 4038 325 4086 carere
346 4025 377 4088 et
398 4025 528 4108 legibus,
555 4026 637 4108 quod
660 4045 752 4108 supra
773 4027 906 4092 diximus
926 4027 963 4092 de
984 4029 1097 4094 natura
1120 4029 1315 4112 disputantes

220 4125 373 4210 tripartiti
393 4130 562 4232 hexametri
585 4133 649 4215 (pg.
675 4134 736 4211 10),
768 4151 850 4197 nunc
871 4133 1011 4216 pluribus
1034 4135 1197 4216 prohemus
1219 4139 1320 4204 etiam

323 4281 349 4350 l)
370 4280 446 4348 Quae
477 4282 549 4336 male
579 4282 653 4351 fugit
677 4282 889 4354 Ouningamium
917 4284 952 4338 do
976 4285 1043 4341 Hor.
1070 4287 1158 4343 Carm.
1181 4289 1202 4357 1,
1221 4291 1246 4354 7,
1268 4292 1311 4359 11;
1341 4314 1343 4326 =

219 4373 308 4443 Epod.
330 4377 371 4447 15,
391 4379 415 4432 3.

1099 4485 1117 4537 4
