3178 5122
385 1369 564 1432 Horametri
586 1367 678 1432 latini
701 1387 778 1448 quae
803 1368 919 1433 formae
941 1367 1083 1436 omnibus
1098 1367 1242 1446 acceptae
1264 1365 1379 1430 fuerint

286 1480 392 1562 poetis,
416 1495 496 1560 qnae
507 1476 668 1558 plerisque,
695 1495 773 1558 quae
795 1476 910 1557 paucis,
929 1494 1008 1556 quae
1023 1474 1154 1556 denique
1169 1473 1379 1538 sinceritatem

286 1587 362 1652 artis
385 1586 489 1667 aperte
501 1585 674 1649 deforment
689 1585 790 1665 qualis
812 1583 948 1647 invaluit
970 1584 1040 1664 post
1054 1581 1232 1646 Lucretium
1247 1581 1380 1646 maxime

286 1696 316 1758 et
332 1695 518 1770 Ciceronem,
541 1693 707 1774 postquam
729 1691 791 1755 iam
814 1691 890 1756 satis
905 1691 958 1754 diu
981 1692 1016 1754 ut
1039 1691 1199 1754 teneamus
1215 1690 1379 1770 conspectu

285 1804 483 1868 Lachmanno
506 1800 644 1880 Hauptio
667 1800 812 1881 graviora
843 1797 1162 1880 praemonstrantibus
1184 1798 1218 1862 L.
1238 1795 1380 1862 Muelleri

174 1957 177 1964 »
285 1911 438 1993 imprimis
461 1927 535 1973 cura
560 1907 660 1972 effecit
676 1908 708 1989 ¹),
740 1927 836 1971 unum
859 1909 963 1972 tamen
985 1907 1084 1972 restat
1106 1906 1188 1988 quod
1211 1925 1271 1970 non
1304 1904 1380 1968 levis

287 2017 436 2082 momenti
458 2016 586 2081 aestimo
608 2015 648 2080 ad
669 2033 734 2080 rem
754 2015 895 2079 criticam
918 2013 1186 2098 cognitionemque
1207 2012 1380 2094 poetarum,

288 2127 324 2190 ut
347 2125 540 2207 singularum
563 2123 734 2188 formarum
757 2122 838 2204 apud
861 2140 1012 2205 quemque
1035 2141 1113 2204 quae
1134 2121 1309 2203 frequentia
1339 2119 1381 2183 sit

287 2233 478 2298 accuratiore
507 2232 714 2313 exemplorum
747 2231 976 2295 enumeratione
1004 2228 1240 2294 demonstretur.
1291 2227 1380 2308 Quod

286 2357 398 2402 mrrnus
430 2338 545 2419 passim
575 2337 739 2418 adgressus
772 2335 873 2400 noluit
902 2334 1059 2400 absolvero
1081 2335 1248 2400 Muellerus
1283 2354 1381 2418 neque

285 2447 350 2510 eius
372 2447 431 2510 nisi
454 2447 556 2528 partes
578 2445 764 2510 leviusculas
786 2444 961 2526 attigerunt
983 2443 1037 2525 qui
1059 2443 1096 2508 de
1124 2444 1380 2527 hephthemimeri

287 2556 395 2619 eontra
416 2552 600 2618 Muellerum
623 2551 796 2634 disputavit
811 2552 851 2616 H.
867 2552 1055 2633 Klappius2)
1075 2552 1106 2616 et
1128 2552 1181 2634 qui
1196 2551 1233 2616 de
1248 2552 1381 2635 singulis

286 2663 383 2744 poetis
413 2663 543 2742 egerunt
578 2661 732 2742 imprimis
765 2661 803 2725 de
832 2661 985 2743 elegiacis,
1002 2660 1055 2738 .B.
1083 2661 1379 2744 Eschenburgius³),

286 2772 320 2834 ll.
342 2769 547 2848 llichnems⁴l
570 2769 685 2850 quique
707 2768 761 2832 alii
783 2767 865 2832 infra
887 2767 920 2830 in
941 2767 1187 2832 reversantibus
1210 2769 1380 2834 occurrent.

287 2875 520 2956 Drobischius⁶)
543 2877 648 2940 autem
670 2874 956 2958 etHultgrenius⁶)
979 2875 1032 2957 qui
1053 2875 1090 2939 de
1110 2875 1237 2957 pedibus
1256 2878 1380 2941 tantum

288 2984 423 3049 calculos
445 2984 614 3066 posuerunt
636 2984 667 3048 et
687 2984 803 3048 heroici
827 2975 932 3048 versus
955 2985 985 3048 et
1007 2983 1136 3064 elegiaci
1151 2984 1232 3067 apud
1248 2983 1382 3051 Graecos

249 3145 254 3158 .
287 3091 459 3157 Germanos
480 3092 609 3158 Latinos
640 3094 708 3156 tum
737 3091 861 3176 dactylo
895 3093 1109 3157 constantibus
1139 3095 1207 3158 tum
1236 3093 1380 3176 spondeo,

287 3199 435 3268 nonnulla
467 3220 522 3266 nos
552 3202 633 3266 certe
654 3202 826 3266 docuerunt
857 3200 1047 3283 periucunda
1080 3202 1111 3265 et
1143 3201 1180 3266 de
1201 3201 1381 3268 diversitate

286 3310 367 3374 inter
390 3309 581 3375 hexametros
605 3328 732 3393 graecos
767 3309 881 3375 latinos
903 3309 1097 3392 germanicos
1119 3311 1150 3374 et
1173 3310 1210 3374 de
1232 3311 1326 3376 auctu
1347 3309 1380 3373 in

289 3464 483 3472 --—-———-—

388 3545 412 3612 1)
433 3543 473 3598 De
492 3561 522 3598 re
542 3527 666 3598 metrica.
686 3541 796 3610 Lipsiae
818 3521 885 3596 186l
904 3559 950 3611 pg.
973 3543 1022 3595 176
1040 3559 1097 3610 sqq.

386 3641 413 3705 2)
437 3638 648 3707 Bemerlsungen
676 3637 746 3692 iiber
773 3635 818 3691 die
847 3636 1014 3706 Hephthem.
1046 3637 1095 3691 des
1122 3637 1169 3692 lat.
1189 3639 1381 3694 Hexameters.

290 3733 380 3788 Posen
402 3735 479 3789 1868.

388 3832 415 3898 3)
433 3831 645 3884 Observationes
665 3831 780 3886 criticae
800 3831 829 3884 in
847 3829 1035 3898 Propertium.
1073 3829 1186 3883 Bonnae
1206 3831 1282 3884 1866.

387 3925 415 3994 4)
432 3924 645 3996 Bemerkungen
664 3927 734 3982 iiber
750 3927 804 3982 den
814 3927 982 3980 metrischen
993 3926 1050 3980 und
1069 3925 1255 3996 rythmisohen
1266 3926 1379 3981 Bana...

288 4020 338 4074 des
357 4021 456 4089 catull,
475 4020 577 4090 Tibull,
598 4022 719 4090 Propera
737 4022 794 4076 und
814 4021 892 4077 Ovid.
931 4021 1040 4076 Gnesen
1061 4025 1136 4076 1875.

340 4097 343 4106 ’
389 4120 417 4187 5)
435 4117 565 4174 Berichte
584 4118 612 4173 d.
630 4117 712 4173 Verh.
733 4117 760 4172 d.
780 4118 956 4174 sachsischen
976 4119 1038 4174 Ges.
1066 4118 1092 4172 d.
1111 4117 1282 4172 Wissensch.
1303 4119 1377 4173 1866.

290 4211 462 4264 18681875.

387 4306 414 4375 6)
433 4305 648 4362 Observationes
666 4307 805 4361 metricae.
824 4307 837 4360 I
855 4307 889 4364 Il.
924 4305 998 4377 Lips.
1021 4309 1098 4362 1871.
1120 4309 1196 4362 1872.
