3178 5122
737 445 791 518 ,31

222 636 361 703 sodalem
393 633 501 715 (atque
521 651 586 697 rem
608 650 658 698 me
679 629 800 696 credere
826 627 959 711 ingenue
980 626 1090 708 fateor)
1101 625 1135 706 ¹),
1169 643 1231 690 non
1250 625 1316 692 sine

221 763 316 810 causa
336 740 541 807 reconditiora
563 740 670 804 nostro
692 739 760 804 loco
791 736 873 800 inter
896 736 1036 800 mortuas
1057 733 1198 798 heroidas
1220 733 1316 808 etiam

220 851 341 934 Phyllis
362 849 672 913 commemorabatur.

318 959 387 1024 Iam
417 974 489 1021 vero
512 955 690 1036 Propertius
719 969 909 1035 quamquam
939 950 1004 1014 eius
1033 949 1110 1014 artis
1140 968 1193 1031 par
1216 951 1315 1014 certos

219 1068 337 1152 gradus
356 1065 522 1131 manifesto
545 1062 764 1128 emendatioris
783 1059 964 1126 testimonia
985 1059 1051 1122 tam
1065 1059 1188 1140 eopiosa
1199 1059 1316 1136 vidisti,

220 1179 325 1243 tamen
355 1193 393 1238 ne
425 1191 507 1236 nuno
536 1173 661 1254 quidem
690 1171 795 1236 omnia
824 1188 880 1234 sua
910 1167 1065 1232 scrutanti
1095 1167 1316 1248 suppeditavit.

221 1283 348 1348 Dudum
369 1282 416 1346 est
437 1281 519 1345 enim
541 1279 792 1346 animadversum
819 1277 983 1358 primum
1005 1277 1084 1342 eius
1116 1277 1255 1340 librum
1276 1295 1317 1341 eo

222 1391 416 1473 praeclare
437 1407 612 1470 superare
634 1387 805 1468 reliquos
825 1385 921 1468 quod
941 1385 978 1450 in
994 1403 1031 1448 eo
1052 1384 1165 1450 soloa
1187 1383 1317 1448 formis

221 1499 488 1580 incompositis
519 1496 715 1561 abstinuit
746 1495 881 1576 quibus
906 1493 958 1556 IV
980 1493 1008 1554 V
1030 1493 1081 1557 VI
1114 1491 1225 1574 sigla
1252 1491 1316 1554 ad·

220 1600 1168 1688 61661666.366661666666666616616616;11,1,51
1188 1597 1250 1673 ΙΙΙ,
1267 1598 1314 1675 15,

220 1706 1316 1790 43.29,.3131,53.33,927.111,6,25.8,.2311,33.11,1,

220 1819 668 1900 63.,741.8,.,.611017

320 1928 434 1992 Itidem
459 1926 513 2008 qui
533 1926 649 1992 iustam
675 1926 767 2007 plane
799 1944 940 1990 normam
963 1924 1112 1990 excedunt
1133 1942 1254 1989 versus:
1276 1923 1318 2006 11,

222 2033 1267 2116 6299911114317111v147V75863

321 2143 434 2207 Itidem
455 2107 561 2223 pedem
582 2141 751 2206 secuudum
772 2140 927 2222 dactylico
949 2139 1140 2206 vocabulo
1111 2141 1158 2206 vit
1159 2140 1223 2206 1666
1243 2159 1317 2206 666-

222 2253 343 2316 clusum
364 2249 584 2330 semiquinaria
608 2265 735 2312 caesura
756 2248 932 2330 sequente
923 2267 962 2312 1n
985 2248 1151 2312 alterum
1173 2249 1319 2314 demum

221 2358 362 2422 librum
383 2356 525 2438 Proper
516 2375 565 2420 rus
584 2355 678 2420 1n
670 2355 759 2437 t(3,
784 2353 868 2436 ll)
859 2375 953 2437 mque
974 2356 1036 2420 er
1037 2375 1103 2420 1um
1125 2355 1190 2440 (24,
1217 2359 1277 2436 19)

318 2465 430 2546 ltaque
451 2464 603 2545 poeta-
625 2464 689 2528 6116
712 2464 759 2528 est
781 2463 863 2528 enim
876 2463 953 2528 artis
975 2465 1150 2548 integritas,
1174 2466 1236 2532 6116
1257 2467 1318 2532 616·

221 2572 391 2655 666616-
414 2571 522 2636 hanc
514 2591 547 2634 rn
568 2572 744 2636 hexametro
767 2571 930 2654 pangendo
952 2572 1053 2653 magis
1087 2574 1250 2656 magisque
1270 2575 1318 2640 io·

221 2681 322 2757 vebat,
355 2679 443 2744 illam
466 2679 569 2743 subito
596 2679 665 2759 post
688 2678 865 2742 absolutum
887 2679 1002 2744 librum
1035 2679 1169 2760 primum
1193 2681 1317 2746 abiecit.

222 2788 272 2852 Ad
291 2787 374 2870 quod
397 2787 471 2868 quid
494 2786 555 2850 suit
577 2805 689 2867 quaeso
710 2787 786 2848 tnnc
808 2786 956 2867 temporis
972 2806 1067 2868 quare
1088 2788 1172 2852 trahi
1194 2791 1317 2890 posset?

223 2896 313 2960 Talia
335 2895 416 2959 enim
437 2895 464 2958 si
486 2894 567 2958 forte
580 2893 698 2972 fierent,
721 2894 912 2960 balbutirent
935 2896 958 2958 ii
980 2897 1033 2978 qui
1049 2896 1158 2962 dootae
1179 2916 1211 2962 se
1232 2898 1319 2980 lyrae

223 3003 361 3068 sollertes
383 3003 554 3068 iactabant.
600 3002 649 3066 An
673 3003 704 3066 et
725 3003 783 3066 hoc
805 3003 886 3067 forte
912 3004 1026 3070 accidit
1048 3005 1084 3068 ut
1107 3007 1242 3086 primum
1263 3025 1319 3071 vo·

221 3112 327 3176 lumen
349 3110 601 3192 „monobiblum“
625 3110 716 3174 Tullo
734 3109 1062 3192 legeremus'dicatnm
1086 3113 1267 3196 nullamque
1286 3115 1320 3180 iu

182 3261 186 3268 ,
221 3237 256 3284 eo
277 3219 468 3284 Maecenatis
488 3220 685 3297 mentionem,
714 3219 881 3284 secundum
904 3220 1058 3286 ordiretur
1078 3241 1098 3286 a
1120 3222 1319 3288 Maecenate?

222 3326 441 3390 AMaeoonate
462 3328 701 3392 consentaneum
723 3327 769 3390 est
790 3343 853 3391 non
867 3327 967 3394 multo
982 3330 1052 3410 post
1072 3329 1189 3394 editam
1210 3347 1320 3394 mono·

221 3433 341 3500 biblum
362 3433 447 3498 domi
470 3435 671 3516 Propertium
701 3453 766 3498 esse
796 3436 973 3516 acceptum
1008 3436 1092 3500 edita
1113 3437 1188 3501 haee
1211 3437 1317 3502 eodem

222 3541 483 3624 1666666661)
517 3561 577 3624 quo
599 3542 720 3625 Vergili
742 3541 894 3625 Georgica
923 3561 1002 3624 quae
1033 3543 1107 3610 anui
1139 3545 1211 3608 sunt
1240 3545 1318 3608 725:

323 3763 350 3833 1)
369 3761 464 3818 Simila
491 3765 573 3820 huius
601 3765 674 3820 inter
699 3770 796 3835 poetas
816 3765 932 3820 latinos
958 3764 1191 3820 denominationis
1220 3769 1253 3819 ut
1279 3766 1320 3822 ita

222 3855 313 3910 dicam
324 3859 1080 3930 6666616666666661666616666666166666666666116
1092 3860 1155 3914 loco
1165 3860 1319 3918 exhibeam.

322 3955 349 4024 2)
368 3955 450 4010 Certe
468 3957 609 4012 annelare
629 3959 683 4010 724
700 3973 778 4010 amor
789 3955 925 4024 Cynthiae
937 3959 1037 4026 eoepit.
1066 3957 1181 4012 Editum
1198 3959 1320 4028 primum

222 4047 325 4104 librum
343 4049 538 4106 Lachmannus
566 4052 619 4120 (ed.
641 4051 717 4122 Lips.
742 4069 789 4121 pg.
808 4050 923 4121 xxvu)
950 4053 1319 4110 ann0725ve1726arbi-

221 4147 324 4214 tratur,
352 4146 402 4200 alii
429 4148 601 4216 aliquantum
629 4148 785 4204 discedunt.
823 4149 962 4204 66666666
980 4154 1089 4219 tempus
1115 4149 1145 4202 ni
1163 4148 1246 4204 fallor
1263 4166 1320 4206 nnn

221 4242 316 4308 666666
333 4238 445 4296 definiri
465 4258 500 4296 ne
519 4246 585 4310 6666
604 4257 636 4296 66
654 4241 767 4310 quidem
785 4258 855 4310 qnae
874 4242 1027 4311 disputavit
1039 4243 1245 4300 huetiohannea
1263 4245 1281 4300 1.
1300 4245 1318 4300 1.

221 4337 313 4404 6676
332 4353 392 4404 sqq.
416 4337 487 4392 Nam
504 4338 578 4407 quod
595 4355 707 4394 carmen
715 4335 765 4402 111,
786 4339 818 4392 10
836 4341 900 4407 6666
917 4339 1185 4408 expulsumdemum
1195 4347 1318 4398 amorem
